%YAML 1.1
%TAG !u! tag:unity3d.com,2011:
--- !u!29 &1
OcclusionCullingSettings:
  m_ObjectHideFlags: 0
  serializedVersion: 2
  m_OcclusionBakeSettings:
    smallestOccluder: 5
    smallestHole: 0.25
    backfaceThreshold: 100
  m_SceneGUID: 00000000000000000000000000000000
  m_OcclusionCullingData: {fileID: 0}
--- !u!104 &2
RenderSettings:
  m_ObjectHideFlags: 0
  serializedVersion: 8
  m_Fog: 0
  m_FogColor: {r: 0.5, g: 0.5, b: 0.5, a: 1}
  m_FogMode: 3
  m_FogDensity: 0.01
  m_LinearFogStart: 0
  m_LinearFogEnd: 300
  m_AmbientSkyColor: {r: 0, g: 0, b: 0, a: 1}
  m_AmbientEquatorColor: {r: 0, g: 0, b: 0, a: 1}
  m_AmbientGroundColor: {r: 0, g: 0, b: 0, a: 1}
  m_AmbientIntensity: 1
  m_AmbientMode: 3
  m_SubtractiveShadowColor: {r: 0.42, g: 0.478, b: 0.627, a: 1}
  m_SkyboxMaterial: {fileID: 0}
  m_HaloStrength: 0.5
  m_FlareStrength: 1
  m_FlareFadeSpeed: 3
  m_HaloTexture: {fileID: 0}
  m_SpotCookie: {fileID: 10001, guid: 0000000000000000e000000000000000, type: 0}
  m_DefaultReflectionMode: 0
  m_DefaultReflectionResolution: 128
  m_ReflectionBounces: 1
  m_ReflectionIntensity: 1
  m_CustomReflection: {fileID: 0}
  m_Sun: {fileID: 0}
  m_IndirectSpecularColor: {r: 0, g: 0, b: 0, a: 1}
--- !u!157 &4
LightmapSettings:
  m_ObjectHideFlags: 0
  serializedVersion: 11
  m_GIWorkflowMode: 1
  m_GISettings:
    serializedVersion: 2
    m_BounceScale: 1
    m_IndirectOutputScale: 1
    m_AlbedoBoost: 1
    m_TemporalCoherenceThreshold: 1
    m_EnvironmentLightingMode: 0
    m_EnableBakedLightmaps: 1
    m_EnableRealtimeLightmaps: 0
  m_LightmapEditorSettings:
    serializedVersion: 9
    m_Resolution: 1
    m_BakeResolution: 50
    m_TextureWidth: 1024
    m_TextureHeight: 1024
    m_AO: 0
    m_AOMaxDistance: 1
    m_CompAOExponent: 0
    m_CompAOExponentDirect: 0
    m_Padding: 2
    m_LightmapParameters: {fileID: 0}
    m_LightmapsBakeMode: 1
    m_TextureCompression: 0
    m_FinalGather: 0
    m_FinalGatherFiltering: 1
    m_FinalGatherRayCount: 1024
    m_ReflectionCompression: 2
    m_MixedBakeMode: 1
    m_BakeBackend: 0
    m_PVRSampling: 1
    m_PVRDirectSampleCount: 32
    m_PVRSampleCount: 500
    m_PVRBounces: 2
    m_PVRFiltering: 0
    m_PVRFilteringMode: 1
    m_PVRCulling: 1
    m_PVRFilteringGaussRadiusDirect: 1
    m_PVRFilteringGaussRadiusIndirect: 5
    m_PVRFilteringGaussRadiusAO: 2
    m_PVRFilteringAtrousColorSigma: 1
    m_PVRFilteringAtrousNormalSigma: 1
    m_PVRFilteringAtrousPositionSigma: 1
  m_LightingDataAsset: {fileID: 0}
  m_UseShadowmask: 0
--- !u!196 &5
NavMeshSettings:
  serializedVersion: 2
  m_ObjectHideFlags: 0
  m_BuildSettings:
    serializedVersion: 2
    agentTypeID: 0
    agentRadius: 0.5
    agentHeight: 2
    agentSlope: 45
    agentClimb: 0.4
    ledgeDropHeight: 0
    maxJumpAcrossDistance: 0
    minRegionArea: 2
    manualCellSize: 0
    cellSize: 0.16666666
    manualTileSize: 0
    tileSize: 256
    accuratePlacement: 0
  m_NavMeshData: {fileID: 0}
--- !u!1 &30495835
GameObject:
  m_ObjectHideFlags: 0
  m_PrefabParentObject: {fileID: 159916, guid: bad0018eb9256e6409155981dd5af9a2, type: 2}
  m_PrefabInternal: {fileID: 1040477075}
  serializedVersion: 5
  m_Component:
  - component: {fileID: 30495836}
  m_Layer: 0
  m_Name: B_R_Finger4
  m_TagString: Untagged
  m_Icon: {fileID: 0}
  m_NavMeshLayer: 0
  m_StaticEditorFlags: 0
  m_IsActive: 1
--- !u!4 &30495836
Transform:
  m_ObjectHideFlags: 0
  m_PrefabParentObject: {fileID: 459916, guid: bad0018eb9256e6409155981dd5af9a2, type: 2}
  m_PrefabInternal: {fileID: 1040477075}
  m_GameObject: {fileID: 30495835}
  m_LocalRotation: {x: 0.00039836214, y: -0.000000048407983, z: 0.00000005217334,
    w: 0.99999994}
  m_LocalPosition: {x: -0.17157677, y: -0.03489704, z: -0.061354097}
  m_LocalScale: {x: 1.0000002, y: 1.0000011, z: 1.0000011}
  m_Children:
  - {fileID: 2119196086}
  m_Father: {fileID: 983175293}
  m_RootOrder: 4
  m_LocalEulerAnglesHint: {x: 0, y: 0, z: 0}
--- !u!1 &175471088
GameObject:
  m_ObjectHideFlags: 0
  m_PrefabParentObject: {fileID: 159842, guid: bad0018eb9256e6409155981dd5af9a2, type: 2}
  m_PrefabInternal: {fileID: 1040477075}
  serializedVersion: 5
  m_Component:
  - component: {fileID: 175471089}
  m_Layer: 0
  m_Name: B_Spine1
  m_TagString: Untagged
  m_Icon: {fileID: 0}
  m_NavMeshLayer: 0
  m_StaticEditorFlags: 0
  m_IsActive: 1
--- !u!4 &175471089
Transform:
  m_ObjectHideFlags: 0
  m_PrefabParentObject: {fileID: 459840, guid: bad0018eb9256e6409155981dd5af9a2, type: 2}
  m_PrefabInternal: {fileID: 1040477075}
  m_GameObject: {fileID: 175471088}
  m_LocalRotation: {x: -5.641104e-15, y: 0, z: -0, w: 1}
  m_LocalPosition: {x: -0.2152304, y: -0.00023167043, z: -4.216225e-10}
  m_LocalScale: {x: 1, y: 1, z: 1}
  m_Children:
  - {fileID: 1934208245}
  - {fileID: 1036000911}
  - {fileID: 2007508479}
  m_Father: {fileID: 1205779924}
  m_RootOrder: 0
  m_LocalEulerAnglesHint: {x: 0, y: 0, z: 0}
--- !u!1 &220584819
GameObject:
  m_ObjectHideFlags: 0
  m_PrefabParentObject: {fileID: 159900, guid: bad0018eb9256e6409155981dd5af9a2, type: 2}
  m_PrefabInternal: {fileID: 1040477075}
  serializedVersion: 5
  m_Component:
  - component: {fileID: 220584820}
  m_Layer: 0
  m_Name: B_R_Finger1
  m_TagString: Untagged
  m_Icon: {fileID: 0}
  m_NavMeshLayer: 0
  m_StaticEditorFlags: 0
  m_IsActive: 1
--- !u!4 &220584820
Transform:
  m_ObjectHideFlags: 0
  m_PrefabParentObject: {fileID: 459898, guid: bad0018eb9256e6409155981dd5af9a2, type: 2}
  m_PrefabInternal: {fileID: 1040477075}
  m_GameObject: {fileID: 220584819}
  m_LocalRotation: {x: 0.000398138, y: -0.000000067071554, z: -0.0000000409515, w: 0.99999994}
  m_LocalPosition: {x: -0.17157646, y: -0.034993093, z: 0.059923045}
  m_LocalScale: {x: 0.99999976, y: 1.0000002, z: 1.0000001}
  m_Children:
  - {fileID: 1050608842}
  m_Father: {fileID: 983175293}
  m_RootOrder: 1
  m_LocalEulerAnglesHint: {x: 0, y: 0, z: 0}
--- !u!1 &224545894
GameObject:
  m_ObjectHideFlags: 0
  m_PrefabParentObject: {fileID: 159920, guid: bad0018eb9256e6409155981dd5af9a2, type: 2}
  m_PrefabInternal: {fileID: 1040477075}
  serializedVersion: 5
  m_Component:
  - component: {fileID: 224545895}
  m_Layer: 0
  m_Name: B_R_Finger42
  m_TagString: Untagged
  m_Icon: {fileID: 0}
  m_NavMeshLayer: 0
  m_StaticEditorFlags: 0
  m_IsActive: 1
--- !u!4 &224545895
Transform:
  m_ObjectHideFlags: 0
  m_PrefabParentObject: {fileID: 459920, guid: bad0018eb9256e6409155981dd5af9a2, type: 2}
  m_PrefabInternal: {fileID: 1040477075}
  m_GameObject: {fileID: 224545894}
  m_LocalRotation: {x: 0.000000010694469, y: -0.000000068767555, z: -0.11640201, w: 0.9932022}
  m_LocalPosition: {x: -0.061423566, y: 0.0000001335144, z: -0.000000095367426}
  m_LocalScale: {x: 0.99999994, y: 1, z: 0.9999999}
  m_Children: []
  m_Father: {fileID: 2119196086}
  m_RootOrder: 0
  m_LocalEulerAnglesHint: {x: 0, y: 0, z: 0}
--- !u!1 &274257206
GameObject:
  m_ObjectHideFlags: 0
  m_PrefabParentObject: {fileID: 126158, guid: bad0018eb9256e6409155981dd5af9a2, type: 2}
  m_PrefabInternal: {fileID: 1040477075}
  serializedVersion: 5
  m_Component:
  - component: {fileID: 274257207}
  - component: {fileID: 274257208}
  m_Layer: 0
  m_Name: Mesh-Mage
  m_TagString: Untagged
  m_Icon: {fileID: 0}
  m_NavMeshLayer: 0
  m_StaticEditorFlags: 0
  m_IsActive: 1
--- !u!4 &274257207
Transform:
  m_ObjectHideFlags: 0
  m_PrefabParentObject: {fileID: 426158, guid: bad0018eb9256e6409155981dd5af9a2, type: 2}
  m_PrefabInternal: {fileID: 1040477075}
  m_GameObject: {fileID: 274257206}
  m_LocalRotation: {x: -0.7071068, y: 0, z: -0, w: 0.7071068}
  m_LocalPosition: {x: 0, y: 0, z: 0}
  m_LocalScale: {x: 1, y: 1, z: 1}
  m_Children: []
  m_Father: {fileID: 928845074}
  m_RootOrder: 0
  m_LocalEulerAnglesHint: {x: 0, y: 0, z: 0}
--- !u!137 &274257208
SkinnedMeshRenderer:
  m_ObjectHideFlags: 0
  m_PrefabParentObject: {fileID: 13726158, guid: bad0018eb9256e6409155981dd5af9a2,
    type: 2}
  m_PrefabInternal: {fileID: 1040477075}
  m_GameObject: {fileID: 274257206}
  m_Enabled: 1
  m_CastShadows: 1
  m_ReceiveShadows: 1
  m_MotionVectors: 1
  m_LightProbeUsage: 0
  m_ReflectionProbeUsage: 1
  m_Materials:
  - {fileID: 2100000, guid: 477b1ce20530f594b87bce7fe5ba012a, type: 2}
  m_StaticBatchInfo:
    firstSubMesh: 0
    subMeshCount: 0
  m_StaticBatchRoot: {fileID: 0}
  m_ProbeAnchor: {fileID: 0}
  m_LightProbeVolumeOverride: {fileID: 0}
  m_ScaleInLightmap: 1
  m_PreserveUVs: 0
  m_IgnoreNormalsForChartDetection: 0
  m_ImportantGI: 0
  m_SelectedEditorRenderState: 3
  m_MinimumChartSize: 4
  m_AutoUVMaxDistance: 0.5
  m_AutoUVMaxAngle: 89
  m_LightmapParameters: {fileID: 0}
  m_SortingLayerID: 0
  m_SortingLayer: 0
  m_SortingOrder: 0
  serializedVersion: 2
  m_Quality: 0
  m_UpdateWhenOffscreen: 0
  m_SkinnedMotionVectors: 1
  m_Mesh: {fileID: 4300008, guid: 7c72ed3f90575084c9f3b5b585887182, type: 3}
  m_Bones:
  - {fileID: 2021050411}
  - {fileID: 955272831}
  - {fileID: 1700706711}
  - {fileID: 1760845484}
  - {fileID: 944105669}
  - {fileID: 1610445513}
  - {fileID: 717263689}
  - {fileID: 724154532}
  - {fileID: 1474078364}
  - {fileID: 432516725}
  - {fileID: 30495836}
  - {fileID: 224545895}
  - {fileID: 2133944410}
  - {fileID: 342516849}
  - {fileID: 1521406748}
  - {fileID: 1992817483}
  - {fileID: 326789014}
  - {fileID: 1213714617}
  - {fileID: 1934208245}
  - {fileID: 1036000911}
  - {fileID: 500945544}
  - {fileID: 2007508479}
  - {fileID: 796676943}
  - {fileID: 1683848052}
  - {fileID: 1310577879}
  - {fileID: 1396213220}
  - {fileID: 983175293}
  - {fileID: 1232475748}
  - {fileID: 1581413286}
  - {fileID: 1283499539}
  - {fileID: 1615683211}
  - {fileID: 485606460}
  - {fileID: 785243081}
  - {fileID: 691326345}
  - {fileID: 2023128966}
  - {fileID: 563747605}
  - {fileID: 761255550}
  - {fileID: 1780298136}
  - {fileID: 1660171224}
  - {fileID: 366237683}
  - {fileID: 1771377281}
  - {fileID: 1916802251}
  - {fileID: 2119196086}
  - {fileID: 1050608842}
  - {fileID: 864026921}
  - {fileID: 1597526039}
  - {fileID: 220584820}
  - {fileID: 1159505592}
  - {fileID: 506247840}
  - {fileID: 1988845900}
  - {fileID: 1205779924}
  - {fileID: 175471089}
  m_BlendShapeWeights: []
  m_RootBone: {fileID: 342516849}
  m_AABB:
    m_Center: {x: -0.009190097, y: 0.00000029802322, z: 1.3431456}
    m_Extent: {x: 0.44342208, y: 0.5019626, z: 1.362453}
  m_DirtyAABB: 0
--- !u!1 &325879858
GameObject:
  m_ObjectHideFlags: 0
  m_PrefabParentObject: {fileID: 185252, guid: 16dc4b51d7b30f74a9fd33417596daa7, type: 2}
  m_PrefabInternal: {fileID: 1235316368}
  serializedVersion: 5
  m_Component:
  - component: {fileID: 325879859}
  - component: {fileID: 325879860}
  m_Layer: 1
  m_Name: Controller
  m_TagString: Untagged
  m_Icon: {fileID: 0}
  m_NavMeshLayer: 0
  m_StaticEditorFlags: 0
  m_IsActive: 1
--- !u!4 &325879859
Transform:
  m_ObjectHideFlags: 0
  m_PrefabParentObject: {fileID: 485252, guid: 16dc4b51d7b30f74a9fd33417596daa7, type: 2}
  m_PrefabInternal: {fileID: 1235316368}
  m_GameObject: {fileID: 325879858}
  m_LocalRotation: {x: 0, y: 0, z: 0, w: 1}
  m_LocalPosition: {x: -9.9, y: -5.19, z: 0}
  m_LocalScale: {x: 1, y: 1, z: 1}
  m_Children: []
  m_Father: {fileID: 593997553}
  m_RootOrder: 0
  m_LocalEulerAnglesHint: {x: 0, y: 0, z: 0}
--- !u!212 &325879860
SpriteRenderer:
  m_ObjectHideFlags: 0
  m_PrefabParentObject: {fileID: 21285252, guid: 16dc4b51d7b30f74a9fd33417596daa7,
    type: 2}
  m_PrefabInternal: {fileID: 1235316368}
  m_GameObject: {fileID: 325879858}
  m_Enabled: 1
  m_CastShadows: 0
  m_ReceiveShadows: 0
  m_MotionVectors: 1
  m_LightProbeUsage: 0
  m_ReflectionProbeUsage: 1
  m_Materials:
  - {fileID: 10754, guid: 0000000000000000f000000000000000, type: 0}
  m_StaticBatchInfo:
    firstSubMesh: 0
    subMeshCount: 0
  m_StaticBatchRoot: {fileID: 0}
  m_ProbeAnchor: {fileID: 0}
  m_LightProbeVolumeOverride: {fileID: 0}
  m_ScaleInLightmap: 1
  m_PreserveUVs: 0
  m_IgnoreNormalsForChartDetection: 0
  m_ImportantGI: 0
  m_SelectedEditorRenderState: 0
  m_MinimumChartSize: 4
  m_AutoUVMaxDistance: 0.5
  m_AutoUVMaxAngle: 89
  m_LightmapParameters: {fileID: 0}
  m_SortingLayerID: 0
  m_SortingLayer: 0
  m_SortingOrder: 0
  m_Sprite: {fileID: 21300000, guid: a89b87919aade4c498f4e0df342ab278, type: 3}
  m_Color: {r: 1, g: 1, b: 1, a: 1}
  m_FlipX: 0
  m_FlipY: 0
  m_DrawMode: 0
  m_Size: {x: 1, y: 1}
  m_AdaptiveModeThreshold: 0.5
  m_SpriteTileMode: 0
  m_WasSpriteAssigned: 1
  m_MaskInteraction: 0
--- !u!1 &326789013
GameObject:
  m_ObjectHideFlags: 0
  m_PrefabParentObject: {fileID: 159830, guid: bad0018eb9256e6409155981dd5af9a2, type: 2}
  m_PrefabInternal: {fileID: 1040477075}
  serializedVersion: 5
  m_Component:
  - component: {fileID: 326789014}
  m_Layer: 0
  m_Name: B_L_Toe0
  m_TagString: Untagged
  m_Icon: {fileID: 0}
  m_NavMeshLayer: 0
  m_StaticEditorFlags: 0
  m_IsActive: 1
--- !u!4 &326789014
Transform:
  m_ObjectHideFlags: 0
  m_PrefabParentObject: {fileID: 459836, guid: bad0018eb9256e6409155981dd5af9a2, type: 2}
  m_PrefabInternal: {fileID: 1040477075}
  m_GameObject: {fileID: 326789013}
  m_LocalRotation: {x: -0.000000019986096, y: 0.000000019986098, z: -0.7071068, w: 0.7071068}
  m_LocalPosition: {x: -0.1708812, y: 0.25053582, z: 0}
  m_LocalScale: {x: 1, y: 1, z: 1}
  m_Children: []
  m_Father: {fileID: 1521406748}
  m_RootOrder: 0
  m_LocalEulerAnglesHint: {x: 0, y: 0, z: 0}
--- !u!1 &342516848
GameObject:
  m_ObjectHideFlags: 0
  m_PrefabParentObject: {fileID: 159816, guid: bad0018eb9256e6409155981dd5af9a2, type: 2}
  m_PrefabInternal: {fileID: 1040477075}
  serializedVersion: 5
  m_Component:
  - component: {fileID: 342516849}
  m_Layer: 0
  m_Name: Motion
  m_TagString: Untagged
  m_Icon: {fileID: 0}
  m_NavMeshLayer: 0
  m_StaticEditorFlags: 0
  m_IsActive: 1
--- !u!4 &342516849
Transform:
  m_ObjectHideFlags: 0
  m_PrefabParentObject: {fileID: 459818, guid: bad0018eb9256e6409155981dd5af9a2, type: 2}
  m_PrefabInternal: {fileID: 1040477075}
  m_GameObject: {fileID: 342516848}
  m_LocalRotation: {x: -0.5, y: 0.5, z: 0.5, w: 0.5}
  m_LocalPosition: {x: -0.0000000099258495, y: 0, z: -0.0017328988}
  m_LocalScale: {x: 1, y: 1, z: 1}
  m_Children:
  - {fileID: 955272831}
  m_Father: {fileID: 928845074}
  m_RootOrder: 2
  m_LocalEulerAnglesHint: {x: 0, y: 0, z: 0}
--- !u!1 &366237682
GameObject:
  m_ObjectHideFlags: 0
  m_PrefabParentObject: {fileID: 159910, guid: bad0018eb9256e6409155981dd5af9a2, type: 2}
  m_PrefabInternal: {fileID: 1040477075}
  serializedVersion: 5
  m_Component:
  - component: {fileID: 366237683}
  m_Layer: 0
  m_Name: B_R_Finger3
  m_TagString: Untagged
  m_Icon: {fileID: 0}
  m_NavMeshLayer: 0
  m_StaticEditorFlags: 0
  m_IsActive: 1
--- !u!4 &366237683
Transform:
  m_ObjectHideFlags: 0
  m_PrefabParentObject: {fileID: 459910, guid: bad0018eb9256e6409155981dd5af9a2, type: 2}
  m_PrefabInternal: {fileID: 1040477075}
  m_GameObject: {fileID: 366237682}
  m_LocalRotation: {x: 0.00039812917, y: 0.000000014904128, z: 0.0000000074446485,
    w: 0.99999994}
  m_LocalPosition: {x: -0.17157677, y: -0.034928665, z: -0.020928307}
  m_LocalScale: {x: 0.9999999, y: 1.0000002, z: 1.0000002}
  m_Children:
  - {fileID: 1771377281}
  m_Father: {fileID: 983175293}
  m_RootOrder: 3
  m_LocalEulerAnglesHint: {x: 0, y: 0, z: 0}
--- !u!1 &432516724
GameObject:
  m_ObjectHideFlags: 0
  m_PrefabParentObject: {fileID: 159894, guid: bad0018eb9256e6409155981dd5af9a2, type: 2}
  m_PrefabInternal: {fileID: 1040477075}
  serializedVersion: 5
  m_Component:
  - component: {fileID: 432516725}
  m_Layer: 0
  m_Name: B_R_Finger0
  m_TagString: Untagged
  m_Icon: {fileID: 0}
  m_NavMeshLayer: 0
  m_StaticEditorFlags: 0
  m_IsActive: 1
--- !u!4 &432516725
Transform:
  m_ObjectHideFlags: 0
  m_PrefabParentObject: {fileID: 459892, guid: bad0018eb9256e6409155981dd5af9a2, type: 2}
  m_PrefabInternal: {fileID: 1040477075}
  m_GameObject: {fileID: 432516724}
  m_LocalRotation: {x: -0.44854176, y: 0.13317707, z: -0.06779058, w: 0.8811802}
  m_LocalPosition: {x: -0.129822, y: 0.00109169, z: 0.09989943}
  m_LocalScale: {x: 1.0000002, y: 0.9999996, z: 0.9999996}
  m_Children:
  - {fileID: 1597526039}
  m_Father: {fileID: 983175293}
  m_RootOrder: 0
  m_LocalEulerAnglesHint: {x: 0, y: 0, z: 0}
--- !u!1 &485606459
GameObject:
  m_ObjectHideFlags: 0
  m_PrefabParentObject: {fileID: 159878, guid: bad0018eb9256e6409155981dd5af9a2, type: 2}
  m_PrefabInternal: {fileID: 1040477075}
  serializedVersion: 5
  m_Component:
  - component: {fileID: 485606460}
  m_Layer: 0
  m_Name: B_L_Finger41
  m_TagString: Untagged
  m_Icon: {fileID: 0}
  m_NavMeshLayer: 0
  m_StaticEditorFlags: 0
  m_IsActive: 1
--- !u!4 &485606460
Transform:
  m_ObjectHideFlags: 0
  m_PrefabParentObject: {fileID: 459886, guid: bad0018eb9256e6409155981dd5af9a2, type: 2}
  m_PrefabInternal: {fileID: 1040477075}
  m_GameObject: {fileID: 485606459}
  m_LocalRotation: {x: 0.000000098168655, y: 0.00000033356727, z: -0.11640229, w: 0.99320215}
  m_LocalPosition: {x: -0.06142326, y: 0.00000022888183, z: 0.00000012397766}
  m_LocalScale: {x: 0.99999976, y: 0.99999994, z: 0.99999964}
  m_Children:
  - {fileID: 717263689}
  m_Father: {fileID: 1610445513}
  m_RootOrder: 0
  m_LocalEulerAnglesHint: {x: 0, y: 0, z: 0}
--- !u!1 &500945543
GameObject:
  m_ObjectHideFlags: 0
  m_PrefabParentObject: {fileID: 159884, guid: bad0018eb9256e6409155981dd5af9a2, type: 2}
  m_PrefabInternal: {fileID: 1040477075}
  serializedVersion: 5
  m_Component:
  - component: {fileID: 500945544}
  m_Layer: 0
  m_Name: B_Head
  m_TagString: Untagged
  m_Icon: {fileID: 0}
  m_NavMeshLayer: 0
  m_StaticEditorFlags: 0
  m_IsActive: 1
--- !u!4 &500945544
Transform:
  m_ObjectHideFlags: 0
  m_PrefabParentObject: {fileID: 459848, guid: bad0018eb9256e6409155981dd5af9a2, type: 2}
  m_PrefabInternal: {fileID: 1040477075}
  m_GameObject: {fileID: 500945543}
  m_LocalRotation: {x: 0.0000000297811, y: -0.0000000010923774, z: 0.00039887495,
    w: 0.99999994}
  m_LocalPosition: {x: -0.12820907, y: -0.000000020861625, z: 2.842171e-16}
  m_LocalScale: {x: 1, y: 1, z: 1}
  m_Children: []
  m_Father: {fileID: 1036000911}
  m_RootOrder: 0
  m_LocalEulerAnglesHint: {x: 0, y: 0, z: 0}
--- !u!1 &506247839
GameObject:
  m_ObjectHideFlags: 0
  m_PrefabParentObject: {fileID: 159908, guid: bad0018eb9256e6409155981dd5af9a2, type: 2}
  m_PrefabInternal: {fileID: 1040477075}
  serializedVersion: 5
  m_Component:
  - component: {fileID: 506247840}
  m_Layer: 0
  m_Name: B_R_Finger22
  m_TagString: Untagged
  m_Icon: {fileID: 0}
  m_NavMeshLayer: 0
  m_StaticEditorFlags: 0
  m_IsActive: 1
--- !u!4 &506247840
Transform:
  m_ObjectHideFlags: 0
  m_PrefabParentObject: {fileID: 459908, guid: bad0018eb9256e6409155981dd5af9a2, type: 2}
  m_PrefabInternal: {fileID: 1040477075}
  m_GameObject: {fileID: 506247839}
  m_LocalRotation: {x: -0.000000024917053, y: -0.00000000458133, z: -0.11640198, w: 0.9932022}
  m_LocalPosition: {x: -0.08599243, y: -0.000000019073486, z: 0.0000002670288}
  m_LocalScale: {x: 0.99999994, y: 0.99999964, z: 0.9999999}
  m_Children: []
  m_Father: {fileID: 864026921}
  m_RootOrder: 0
  m_LocalEulerAnglesHint: {x: 0, y: 0, z: 0}
--- !u!1 &563747604
GameObject:
  m_ObjectHideFlags: 0
  m_PrefabParentObject: {fileID: 159858, guid: bad0018eb9256e6409155981dd5af9a2, type: 2}
  m_PrefabInternal: {fileID: 1040477075}
  serializedVersion: 5
  m_Component:
  - component: {fileID: 563747605}
  m_Layer: 0
  m_Name: B_L_Finger1
  m_TagString: Untagged
  m_Icon: {fileID: 0}
  m_NavMeshLayer: 0
  m_StaticEditorFlags: 0
  m_IsActive: 1
--- !u!4 &563747605
Transform:
  m_ObjectHideFlags: 0
  m_PrefabParentObject: {fileID: 459866, guid: bad0018eb9256e6409155981dd5af9a2, type: 2}
  m_PrefabInternal: {fileID: 1040477075}
  m_GameObject: {fileID: 563747604}
  m_LocalRotation: {x: -0.00039816316, y: 1.4832728e-12, z: -0.0000000037252887, w: 0.99999994}
  m_LocalPosition: {x: -0.1715763, y: -0.034993134, z: -0.059923038}
  m_LocalScale: {x: 1.0000004, y: 1.0000002, z: 0.99999976}
  m_Children:
  - {fileID: 785243081}
  m_Father: {fileID: 1232475748}
  m_RootOrder: 1
  m_LocalEulerAnglesHint: {x: 0, y: 0, z: 0}
--- !u!1 &593997551
GameObject:
  m_ObjectHideFlags: 0
  m_PrefabParentObject: {fileID: 189282, guid: 16dc4b51d7b30f74a9fd33417596daa7, type: 2}
  m_PrefabInternal: {fileID: 1235316368}
  serializedVersion: 5
  m_Component:
  - component: {fileID: 593997553}
  - component: {fileID: 593997552}
  m_Layer: 1
  m_Name: Controls
  m_TagString: Untagged
  m_Icon: {fileID: 0}
  m_NavMeshLayer: 0
  m_StaticEditorFlags: 0
  m_IsActive: 1
--- !u!212 &593997552
SpriteRenderer:
  m_ObjectHideFlags: 0
  m_PrefabParentObject: {fileID: 21289286, guid: 16dc4b51d7b30f74a9fd33417596daa7,
    type: 2}
  m_PrefabInternal: {fileID: 1235316368}
  m_GameObject: {fileID: 593997551}
  m_Enabled: 1
  m_CastShadows: 0
  m_ReceiveShadows: 0
  m_MotionVectors: 1
  m_LightProbeUsage: 0
  m_ReflectionProbeUsage: 1
  m_Materials:
  - {fileID: 10754, guid: 0000000000000000f000000000000000, type: 0}
  m_StaticBatchInfo:
    firstSubMesh: 0
    subMeshCount: 0
  m_StaticBatchRoot: {fileID: 0}
  m_ProbeAnchor: {fileID: 0}
  m_LightProbeVolumeOverride: {fileID: 0}
  m_ScaleInLightmap: 1
  m_PreserveUVs: 0
  m_IgnoreNormalsForChartDetection: 0
  m_ImportantGI: 0
  m_SelectedEditorRenderState: 0
  m_MinimumChartSize: 4
  m_AutoUVMaxDistance: 0.5
  m_AutoUVMaxAngle: 89
  m_LightmapParameters: {fileID: 0}
  m_SortingLayerID: 0
  m_SortingLayer: 0
  m_SortingOrder: 0
  m_Sprite: {fileID: 21300000, guid: 19663e3fea6f609468d37dbdcd231930, type: 3}
  m_Color: {r: 1, g: 1, b: 1, a: 1}
  m_FlipX: 0
  m_FlipY: 0
  m_DrawMode: 0
  m_Size: {x: 1, y: 1}
  m_AdaptiveModeThreshold: 0.5
  m_SpriteTileMode: 0
  m_WasSpriteAssigned: 1
  m_MaskInteraction: 0
--- !u!4 &593997553
Transform:
  m_ObjectHideFlags: 0
  m_PrefabParentObject: {fileID: 489282, guid: 16dc4b51d7b30f74a9fd33417596daa7, type: 2}
  m_PrefabInternal: {fileID: 1235316368}
  m_GameObject: {fileID: 593997551}
  m_LocalRotation: {x: -0.00000006415836, y: -0.000000073995004, z: -0.00000018427781,
    w: 1}
  m_LocalPosition: {x: 5.36, y: 2.73, z: 6.39}
  m_LocalScale: {x: 1, y: 1, z: 1}
  m_Children:
  - {fileID: 325879859}
  - {fileID: 1060640989}
  m_Father: {fileID: 843587887}
  m_RootOrder: 0
  m_LocalEulerAnglesHint: {x: 0, y: 0, z: 0}
--- !u!1 &691326344
GameObject:
  m_ObjectHideFlags: 0
  m_PrefabParentObject: {fileID: 159866, guid: bad0018eb9256e6409155981dd5af9a2, type: 2}
  m_PrefabInternal: {fileID: 1040477075}
  serializedVersion: 5
  m_Component:
  - component: {fileID: 691326345}
  m_Layer: 0
  m_Name: B_L_Finger21
  m_TagString: Untagged
  m_Icon: {fileID: 0}
  m_NavMeshLayer: 0
  m_StaticEditorFlags: 0
  m_IsActive: 1
--- !u!4 &691326345
Transform:
  m_ObjectHideFlags: 0
  m_PrefabParentObject: {fileID: 459874, guid: bad0018eb9256e6409155981dd5af9a2, type: 2}
  m_PrefabInternal: {fileID: 1040477075}
  m_GameObject: {fileID: 691326344}
  m_LocalRotation: {x: 0.00000002740004, y: -0.00000025826478, z: -0.11640215, w: 0.9932022}
  m_LocalPosition: {x: -0.08599235, y: 0, z: 0.000000095367426}
  m_LocalScale: {x: 1.0000002, y: 0.9999999, z: 0.9999995}
  m_Children:
  - {fileID: 1780298136}
  m_Father: {fileID: 1615683211}
  m_RootOrder: 0
  m_LocalEulerAnglesHint: {x: 0, y: 0, z: 0}
--- !u!1 &717263688
GameObject:
  m_ObjectHideFlags: 0
  m_PrefabParentObject: {fileID: 159880, guid: bad0018eb9256e6409155981dd5af9a2, type: 2}
  m_PrefabInternal: {fileID: 1040477075}
  serializedVersion: 5
  m_Component:
  - component: {fileID: 717263689}
  m_Layer: 0
  m_Name: B_L_Finger42
  m_TagString: Untagged
  m_Icon: {fileID: 0}
  m_NavMeshLayer: 0
  m_StaticEditorFlags: 0
  m_IsActive: 1
--- !u!4 &717263689
Transform:
  m_ObjectHideFlags: 0
  m_PrefabParentObject: {fileID: 459888, guid: bad0018eb9256e6409155981dd5af9a2, type: 2}
  m_PrefabInternal: {fileID: 1040477075}
  m_GameObject: {fileID: 717263688}
  m_LocalRotation: {x: 0.000000010640656, y: 0.0000002988159, z: -0.1164018, w: 0.9932022}
  m_LocalPosition: {x: -0.061423108, y: -0.00000020980835, z: -0.0000002002716}
  m_LocalScale: {x: 1, y: 1.0000001, z: 0.99999994}
  m_Children: []
  m_Father: {fileID: 485606460}
  m_RootOrder: 0
  m_LocalEulerAnglesHint: {x: 0, y: 0, z: 0}
--- !u!1 &719448829
GameObject:
  m_ObjectHideFlags: 0
  m_PrefabParentObject: {fileID: 100000, guid: bad0018eb9256e6409155981dd5af9a2, type: 2}
  m_PrefabInternal: {fileID: 1040477075}
  serializedVersion: 5
  m_Component:
  - component: {fileID: 928845074}
  - component: {fileID: 719448831}
  - component: {fileID: 719448830}
  m_Layer: 0
  m_Name: Mage Warrior
  m_TagString: Player
  m_Icon: {fileID: 0}
  m_NavMeshLayer: 0
  m_StaticEditorFlags: 0
  m_IsActive: 1
--- !u!114 &719448830
MonoBehaviour:
  m_ObjectHideFlags: 0
  m_PrefabParentObject: {fileID: 11484642, guid: bad0018eb9256e6409155981dd5af9a2,
    type: 2}
  m_PrefabInternal: {fileID: 1040477075}
  m_GameObject: {fileID: 719448829}
  m_Enabled: 1
  m_EditorHideFlags: 0
  m_Script: {fileID: 11500000, guid: 7f7ef17c21ec457409514db055acb92a, type: 3}
  m_Name: 
  m_EditorClassIdentifier: 
  animator: {fileID: 719448831}
  warrior: 5
--- !u!95 &719448831
Animator:
  serializedVersion: 3
  m_ObjectHideFlags: 0
  m_PrefabParentObject: {fileID: 9590292, guid: bad0018eb9256e6409155981dd5af9a2,
    type: 2}
  m_PrefabInternal: {fileID: 1040477075}
  m_GameObject: {fileID: 719448829}
  m_Enabled: 1
  m_Avatar: {fileID: 9000000, guid: 7c72ed3f90575084c9f3b5b585887182, type: 3}
  m_Controller: {fileID: 9100000, guid: 021ed2d8525a1b7488aade4080c5a087, type: 2}
  m_CullingMode: 1
  m_UpdateMode: 0
  m_ApplyRootMotion: 1
  m_LinearVelocityBlending: 0
  m_WarningMessage: 
  m_HasTransformHierarchy: 1
  m_AllowConstantClipSamplingOptimization: 1
--- !u!1 &724154531
GameObject:
  m_ObjectHideFlags: 0
  m_PrefabParentObject: {fileID: 159856, guid: bad0018eb9256e6409155981dd5af9a2, type: 2}
  m_PrefabInternal: {fileID: 1040477075}
  serializedVersion: 5
  m_Component:
  - component: {fileID: 724154532}
  m_Layer: 0
  m_Name: B_L_Finger02
  m_TagString: Untagged
  m_Icon: {fileID: 0}
  m_NavMeshLayer: 0
  m_StaticEditorFlags: 0
  m_IsActive: 1
--- !u!4 &724154532
Transform:
  m_ObjectHideFlags: 0
  m_PrefabParentObject: {fileID: 459864, guid: bad0018eb9256e6409155981dd5af9a2, type: 2}
  m_PrefabInternal: {fileID: 1040477075}
  m_GameObject: {fileID: 724154531}
  m_LocalRotation: {x: -0.000000060934, y: -0.000000007861759, z: -0.1164021, w: 0.9932022}
  m_LocalPosition: {x: -0.06142326, y: 0.000000019073486, z: 0.00000022888183}
  m_LocalScale: {x: 1.0000001, y: 0.99999994, z: 1}
  m_Children: []
  m_Father: {fileID: 2023128966}
  m_RootOrder: 0
  m_LocalEulerAnglesHint: {x: 0, y: 0, z: 0}
--- !u!1 &761255549
GameObject:
  m_ObjectHideFlags: 0
  m_PrefabParentObject: {fileID: 159862, guid: bad0018eb9256e6409155981dd5af9a2, type: 2}
  m_PrefabInternal: {fileID: 1040477075}
  serializedVersion: 5
  m_Component:
  - component: {fileID: 761255550}
  m_Layer: 0
  m_Name: B_L_Finger12
  m_TagString: Untagged
  m_Icon: {fileID: 0}
  m_NavMeshLayer: 0
  m_StaticEditorFlags: 0
  m_IsActive: 1
--- !u!4 &761255550
Transform:
  m_ObjectHideFlags: 0
  m_PrefabParentObject: {fileID: 459870, guid: bad0018eb9256e6409155981dd5af9a2, type: 2}
  m_PrefabInternal: {fileID: 1040477075}
  m_GameObject: {fileID: 761255549}
  m_LocalRotation: {x: 0.0000001563813, y: -0.000000025829262, z: -0.116402015, w: 0.9932022}
  m_LocalPosition: {x: -0.073707804, y: -0.00000017166137, z: -0.0000002479553}
  m_LocalScale: {x: 0.99999994, y: 1, z: 0.99999994}
  m_Children: []
  m_Father: {fileID: 785243081}
  m_RootOrder: 0
  m_LocalEulerAnglesHint: {x: 0, y: 0, z: 0}
--- !u!1 &785243080
GameObject:
  m_ObjectHideFlags: 0
  m_PrefabParentObject: {fileID: 159860, guid: bad0018eb9256e6409155981dd5af9a2, type: 2}
  m_PrefabInternal: {fileID: 1040477075}
  serializedVersion: 5
  m_Component:
  - component: {fileID: 785243081}
  m_Layer: 0
  m_Name: B_L_Finger11
  m_TagString: Untagged
  m_Icon: {fileID: 0}
  m_NavMeshLayer: 0
  m_StaticEditorFlags: 0
  m_IsActive: 1
--- !u!4 &785243081
Transform:
  m_ObjectHideFlags: 0
  m_PrefabParentObject: {fileID: 459868, guid: bad0018eb9256e6409155981dd5af9a2, type: 2}
  m_PrefabInternal: {fileID: 1040477075}
  m_GameObject: {fileID: 785243080}
  m_LocalRotation: {x: 0.00000003037975, y: -0.000000044819146, z: -0.11640206, w: 0.9932022}
  m_LocalPosition: {x: -0.073707886, y: -0.000000038146972, z: 0.00000015258789}
  m_LocalScale: {x: 0.9999997, y: 0.9999997, z: 1}
  m_Children:
  - {fileID: 761255550}
  m_Father: {fileID: 563747605}
  m_RootOrder: 0
  m_LocalEulerAnglesHint: {x: 0, y: 0, z: 0}
--- !u!1 &796676942
GameObject:
  m_ObjectHideFlags: 0
  m_PrefabParentObject: {fileID: 159848, guid: bad0018eb9256e6409155981dd5af9a2, type: 2}
  m_PrefabInternal: {fileID: 1040477075}
  serializedVersion: 5
  m_Component:
  - component: {fileID: 796676943}
  m_Layer: 0
  m_Name: B_L_Forearm
  m_TagString: Untagged
  m_Icon: {fileID: 0}
  m_NavMeshLayer: 0
  m_StaticEditorFlags: 0
  m_IsActive: 1
--- !u!4 &796676943
Transform:
  m_ObjectHideFlags: 0
  m_PrefabParentObject: {fileID: 459856, guid: bad0018eb9256e6409155981dd5af9a2, type: 2}
  m_PrefabInternal: {fileID: 1040477075}
  m_GameObject: {fileID: 796676942}
  m_LocalRotation: {x: 0.000000027604836, y: 0.000000032721672, z: 0.09983333, w: 0.9950042}
  m_LocalPosition: {x: -0.37960723, y: -0.000000057220458, z: 0.00000015258789}
  m_LocalScale: {x: 1.0000001, y: 1.0000001, z: 0.9999997}
  m_Children:
  - {fileID: 1232475748}
  m_Father: {fileID: 1683848052}
  m_RootOrder: 0
  m_LocalEulerAnglesHint: {x: 0, y: 0, z: 0}
--- !u!1 &843587886
GameObject:
  m_ObjectHideFlags: 0
  m_PrefabParentObject: {fileID: 189286, guid: 16dc4b51d7b30f74a9fd33417596daa7, type: 2}
  m_PrefabInternal: {fileID: 1235316368}
  serializedVersion: 5
  m_Component:
  - component: {fileID: 843587887}
  - component: {fileID: 843587890}
  - component: {fileID: 843587889}
  - component: {fileID: 843587888}
  m_Layer: 0
  m_Name: GUI Camera
  m_TagString: Untagged
  m_Icon: {fileID: 0}
  m_NavMeshLayer: 0
  m_StaticEditorFlags: 0
  m_IsActive: 1
--- !u!4 &843587887
Transform:
  m_ObjectHideFlags: 0
  m_PrefabParentObject: {fileID: 489286, guid: 16dc4b51d7b30f74a9fd33417596daa7, type: 2}
  m_PrefabInternal: {fileID: 1235316368}
  m_GameObject: {fileID: 843587886}
  m_LocalRotation: {x: 0, y: 0, z: 0, w: 1}
  m_LocalPosition: {x: 0, y: 0, z: 0}
  m_LocalScale: {x: 1, y: 1, z: 1}
  m_Children:
  - {fileID: 593997553}
  m_Father: {fileID: 847499132}
  m_RootOrder: 0
  m_LocalEulerAnglesHint: {x: 0, y: 0, z: 0}
--- !u!124 &843587888
Behaviour:
  m_ObjectHideFlags: 0
  m_PrefabParentObject: {fileID: 12489286, guid: 16dc4b51d7b30f74a9fd33417596daa7,
    type: 2}
  m_PrefabInternal: {fileID: 1235316368}
  m_GameObject: {fileID: 843587886}
  m_Enabled: 1
--- !u!92 &843587889
Behaviour:
  m_ObjectHideFlags: 0
  m_PrefabParentObject: {fileID: 9289286, guid: 16dc4b51d7b30f74a9fd33417596daa7,
    type: 2}
  m_PrefabInternal: {fileID: 1235316368}
  m_GameObject: {fileID: 843587886}
  m_Enabled: 1
--- !u!20 &843587890
Camera:
  m_ObjectHideFlags: 0
  m_PrefabParentObject: {fileID: 2089286, guid: 16dc4b51d7b30f74a9fd33417596daa7,
    type: 2}
  m_PrefabInternal: {fileID: 1235316368}
  m_GameObject: {fileID: 843587886}
  m_Enabled: 1
  serializedVersion: 2
  m_ClearFlags: 3
  m_BackGroundColor: {r: 0.22745098, g: 0.22352941, b: 0.22745098, a: 0.019607844}
  m_NormalizedViewPortRect:
    serializedVersion: 2
    x: 0
    y: 0
    width: 1
    height: 1
  near clip plane: 0.3
  far clip plane: 1000
  field of view: 60
  orthographic: 0
  orthographic size: 5
  m_Depth: 0
  m_CullingMask:
    serializedVersion: 2
    m_Bits: 2
  m_RenderingPath: -1
  m_TargetTexture: {fileID: 0}
  m_TargetDisplay: 0
  m_TargetEye: 3
  m_HDR: 1
  m_AllowMSAA: 1
  m_ForceIntoRT: 0
  m_OcclusionCulling: 1
  m_StereoConvergence: 10
  m_StereoSeparation: 0.022
  m_StereoMirrorMode: 0
--- !u!1 &847499126
GameObject:
  m_ObjectHideFlags: 0
  m_PrefabParentObject: {fileID: 189288, guid: 16dc4b51d7b30f74a9fd33417596daa7, type: 2}
  m_PrefabInternal: {fileID: 1235316368}
  serializedVersion: 5
  m_Component:
  - component: {fileID: 847499132}
  - component: {fileID: 847499131}
  - component: {fileID: 847499130}
  - component: {fileID: 847499129}
  - component: {fileID: 847499128}
  - component: {fileID: 847499127}
  m_Layer: 0
  m_Name: Main Camera
  m_TagString: MainCamera
  m_Icon: {fileID: 0}
  m_NavMeshLayer: 0
  m_StaticEditorFlags: 0
  m_IsActive: 1
--- !u!114 &847499127
MonoBehaviour:
  m_ObjectHideFlags: 0
  m_PrefabParentObject: {fileID: 11481238, guid: 16dc4b51d7b30f74a9fd33417596daa7,
    type: 2}
  m_PrefabInternal: {fileID: 1235316368}
  m_GameObject: {fileID: 847499126}
  m_Enabled: 1
  m_EditorHideFlags: 0
  m_Script: {fileID: 11500000, guid: 02c58f72133423b47954dba9aa3ef79e, type: 3}
  m_Name: 
  m_EditorClassIdentifier: 
  LockX: 0
  offSetZ: -6
  LockY: 1
  LockZ: 0
  useSmoothing: 1
  target: {fileID: 928845074}
  hudElements: {fileID: 593997551}
--- !u!81 &847499128
AudioListener:
  m_ObjectHideFlags: 0
  m_PrefabParentObject: {fileID: 8189288, guid: 16dc4b51d7b30f74a9fd33417596daa7,
    type: 2}
  m_PrefabInternal: {fileID: 1235316368}
  m_GameObject: {fileID: 847499126}
  m_Enabled: 1
--- !u!124 &847499129
Behaviour:
  m_ObjectHideFlags: 0
  m_PrefabParentObject: {fileID: 12489288, guid: 16dc4b51d7b30f74a9fd33417596daa7,
    type: 2}
  m_PrefabInternal: {fileID: 1235316368}
  m_GameObject: {fileID: 847499126}
  m_Enabled: 1
--- !u!92 &847499130
Behaviour:
  m_ObjectHideFlags: 0
  m_PrefabParentObject: {fileID: 9289288, guid: 16dc4b51d7b30f74a9fd33417596daa7,
    type: 2}
  m_PrefabInternal: {fileID: 1235316368}
  m_GameObject: {fileID: 847499126}
  m_Enabled: 1
--- !u!20 &847499131
Camera:
  m_ObjectHideFlags: 0
  m_PrefabParentObject: {fileID: 2089288, guid: 16dc4b51d7b30f74a9fd33417596daa7,
    type: 2}
  m_PrefabInternal: {fileID: 1235316368}
  m_GameObject: {fileID: 847499126}
  m_Enabled: 1
  serializedVersion: 2
  m_ClearFlags: 1
  m_BackGroundColor: {r: 0.22745098, g: 0.22352941, b: 0.22745098, a: 0.019607844}
  m_NormalizedViewPortRect:
    serializedVersion: 2
    x: 0
    y: 0
    width: 1
    height: 1
  near clip plane: 0.3
  far clip plane: 1000
  field of view: 60
  orthographic: 0
  orthographic size: 5
  m_Depth: -1
  m_CullingMask:
    serializedVersion: 2
    m_Bits: 4294967295
  m_RenderingPath: -1
  m_TargetTexture: {fileID: 0}
  m_TargetDisplay: 0
  m_TargetEye: 3
  m_HDR: 1
  m_AllowMSAA: 1
  m_ForceIntoRT: 0
  m_OcclusionCulling: 1
  m_StereoConvergence: 10
  m_StereoSeparation: 0.022
  m_StereoMirrorMode: 0
--- !u!4 &847499132
Transform:
  m_ObjectHideFlags: 0
  m_PrefabParentObject: {fileID: 489288, guid: 16dc4b51d7b30f74a9fd33417596daa7, type: 2}
  m_PrefabInternal: {fileID: 1235316368}
  m_GameObject: {fileID: 847499126}
  m_LocalRotation: {x: -0.38268343, y: 0.00000028084156, z: -0.00000009874512, w: -0.9238796}
  m_LocalPosition: {x: 0, y: 7.03, z: -8.66}
  m_LocalScale: {x: 1, y: 1, z: 1}
  m_Children:
  - {fileID: 843587887}
  m_Father: {fileID: 0}
  m_RootOrder: 1
  m_LocalEulerAnglesHint: {x: 0, y: 0, z: 0}
--- !u!1 &864026920
GameObject:
  m_ObjectHideFlags: 0
  m_PrefabParentObject: {fileID: 159906, guid: bad0018eb9256e6409155981dd5af9a2, type: 2}
  m_PrefabInternal: {fileID: 1040477075}
  serializedVersion: 5
  m_Component:
  - component: {fileID: 864026921}
  m_Layer: 0
  m_Name: B_R_Finger21
  m_TagString: Untagged
  m_Icon: {fileID: 0}
  m_NavMeshLayer: 0
  m_StaticEditorFlags: 0
  m_IsActive: 1
--- !u!4 &864026921
Transform:
  m_ObjectHideFlags: 0
  m_PrefabParentObject: {fileID: 459906, guid: bad0018eb9256e6409155981dd5af9a2, type: 2}
  m_PrefabInternal: {fileID: 1040477075}
  m_GameObject: {fileID: 864026920}
  m_LocalRotation: {x: -0.00000001491465, y: 0.00000007676373, z: -0.116402075, w: 0.9932022}
  m_LocalPosition: {x: -0.08599235, y: -0.000000114440915, z: -0.00000030517577}
  m_LocalScale: {x: 1, y: 1.0000004, z: 1.0000002}
  m_Children:
  - {fileID: 506247840}
  m_Father: {fileID: 1916802251}
  m_RootOrder: 0
  m_LocalEulerAnglesHint: {x: 0, y: 0, z: 0}
--- !u!4 &928845074
Transform:
  m_ObjectHideFlags: 0
  m_PrefabParentObject: {fileID: 400000, guid: bad0018eb9256e6409155981dd5af9a2, type: 2}
  m_PrefabInternal: {fileID: 1040477075}
  m_GameObject: {fileID: 719448829}
  m_LocalRotation: {x: 0, y: 0, z: 0, w: 1}
  m_LocalPosition: {x: 0, y: 0, z: -3}
  m_LocalScale: {x: 1, y: 1, z: 1}
  m_Children:
  - {fileID: 274257207}
  - {fileID: 1587634513}
  - {fileID: 342516849}
  m_Father: {fileID: 0}
  m_RootOrder: 0
  m_LocalEulerAnglesHint: {x: 0, y: 0, z: 0}
--- !u!1 &944105668
GameObject:
  m_ObjectHideFlags: 0
  m_PrefabParentObject: {fileID: 159852, guid: bad0018eb9256e6409155981dd5af9a2, type: 2}
  m_PrefabInternal: {fileID: 1040477075}
  serializedVersion: 5
  m_Component:
  - component: {fileID: 944105669}
  m_Layer: 0
  m_Name: B_L_Finger0
  m_TagString: Untagged
  m_Icon: {fileID: 0}
  m_NavMeshLayer: 0
  m_StaticEditorFlags: 0
  m_IsActive: 1
--- !u!4 &944105669
Transform:
  m_ObjectHideFlags: 0
  m_PrefabParentObject: {fileID: 459860, guid: bad0018eb9256e6409155981dd5af9a2, type: 2}
  m_PrefabInternal: {fileID: 1040477075}
  m_GameObject: {fileID: 944105668}
  m_LocalRotation: {x: 0.44854182, y: -0.13317716, z: -0.06779064, w: 0.8811802}
  m_LocalPosition: {x: -0.129822, y: 0.00109169, z: -0.09989931}
  m_LocalScale: {x: 1.0000005, y: 0.99999976, z: 1}
  m_Children:
  - {fileID: 2023128966}
  m_Father: {fileID: 1232475748}
  m_RootOrder: 0
  m_LocalEulerAnglesHint: {x: 0, y: 0, z: 0}
--- !u!1 &955272830
GameObject:
  m_ObjectHideFlags: 0
  m_PrefabParentObject: {fileID: 159822, guid: bad0018eb9256e6409155981dd5af9a2, type: 2}
  m_PrefabInternal: {fileID: 1040477075}
  serializedVersion: 5
  m_Component:
  - component: {fileID: 955272831}
  m_Layer: 0
  m_Name: B_Pelvis
  m_TagString: Untagged
  m_Icon: {fileID: 0}
  m_NavMeshLayer: 0
  m_StaticEditorFlags: 0
  m_IsActive: 1
--- !u!4 &955272831
Transform:
  m_ObjectHideFlags: 0
  m_PrefabParentObject: {fileID: 459822, guid: bad0018eb9256e6409155981dd5af9a2, type: 2}
  m_PrefabInternal: {fileID: 1040477075}
  m_GameObject: {fileID: 955272830}
  m_LocalRotation: {x: -0.49999964, y: 0.5000004, z: 0.49999964, w: 0.5000004}
  m_LocalPosition: {x: -0.0050410083, y: -0.000000016315786, z: 1.3066297}
  m_LocalScale: {x: 1, y: 1, z: 1}
  m_Children:
  - {fileID: 2021050411}
  - {fileID: 1700706711}
  - {fileID: 1205779924}
  m_Father: {fileID: 342516849}
  m_RootOrder: 0
  m_LocalEulerAnglesHint: {x: 0, y: 0, z: 0}
--- !u!1 &983175292
GameObject:
  m_ObjectHideFlags: 0
  m_PrefabParentObject: {fileID: 159892, guid: bad0018eb9256e6409155981dd5af9a2, type: 2}
  m_PrefabInternal: {fileID: 1040477075}
  serializedVersion: 5
  m_Component:
  - component: {fileID: 983175293}
  m_Layer: 0
  m_Name: B_R_Hand
  m_TagString: Untagged
  m_Icon: {fileID: 0}
  m_NavMeshLayer: 0
  m_StaticEditorFlags: 0
  m_IsActive: 1
--- !u!4 &983175293
Transform:
  m_ObjectHideFlags: 0
  m_PrefabParentObject: {fileID: 459890, guid: bad0018eb9256e6409155981dd5af9a2, type: 2}
  m_PrefabInternal: {fileID: 1040477075}
  m_GameObject: {fileID: 983175292}
  m_LocalRotation: {x: 0.70682514, y: 0.00000008163955, z: 0.000000050081884, w: 0.70738834}
  m_LocalPosition: {x: -0.25447485, y: -0.000000057220458, z: -0.00000022888183}
  m_LocalScale: {x: 1.0000004, y: 0.99999994, z: 1.0000002}
  m_Children:
  - {fileID: 432516725}
  - {fileID: 220584820}
  - {fileID: 1916802251}
  - {fileID: 366237683}
  - {fileID: 30495836}
  m_Father: {fileID: 1310577879}
  m_RootOrder: 0
  m_LocalEulerAnglesHint: {x: 0, y: 0, z: 0}
--- !u!1 &1036000910
GameObject:
  m_ObjectHideFlags: 0
  m_PrefabParentObject: {fileID: 159882, guid: bad0018eb9256e6409155981dd5af9a2, type: 2}
  m_PrefabInternal: {fileID: 1040477075}
  serializedVersion: 5
  m_Component:
  - component: {fileID: 1036000911}
  m_Layer: 0
  m_Name: B_Neck
  m_TagString: Untagged
  m_Icon: {fileID: 0}
  m_NavMeshLayer: 0
  m_StaticEditorFlags: 0
  m_IsActive: 1
--- !u!4 &1036000911
Transform:
  m_ObjectHideFlags: 0
  m_PrefabParentObject: {fileID: 459846, guid: bad0018eb9256e6409155981dd5af9a2, type: 2}
  m_PrefabInternal: {fileID: 1040477075}
  m_GameObject: {fileID: 1036000910}
  m_LocalRotation: {x: -0.0000004768159, y: -3.910935e-14, z: -0.00000008213101, w: 1}
  m_LocalPosition: {x: -0.29094252, y: -0.00010208949, z: -1.857954e-10}
  m_LocalScale: {x: 1, y: 1, z: 1}
  m_Children:
  - {fileID: 500945544}
  m_Father: {fileID: 175471089}
  m_RootOrder: 1
  m_LocalEulerAnglesHint: {x: 0, y: 0, z: 0}
--- !u!1001 &1040477075
Prefab:
  m_ObjectHideFlags: 0
  serializedVersion: 2
  m_Modification:
    m_TransformParent: {fileID: 0}
    m_Modifications:
    - target: {fileID: 400000, guid: bad0018eb9256e6409155981dd5af9a2, type: 2}
      propertyPath: m_LocalPosition.x
      value: 0
      objectReference: {fileID: 0}
    - target: {fileID: 400000, guid: bad0018eb9256e6409155981dd5af9a2, type: 2}
      propertyPath: m_LocalPosition.y
      value: 0
      objectReference: {fileID: 0}
    - target: {fileID: 400000, guid: bad0018eb9256e6409155981dd5af9a2, type: 2}
      propertyPath: m_LocalPosition.z
      value: -3
      objectReference: {fileID: 0}
    - target: {fileID: 400000, guid: bad0018eb9256e6409155981dd5af9a2, type: 2}
      propertyPath: m_LocalRotation.x
      value: 0
      objectReference: {fileID: 0}
    - target: {fileID: 400000, guid: bad0018eb9256e6409155981dd5af9a2, type: 2}
      propertyPath: m_LocalRotation.y
      value: 0
      objectReference: {fileID: 0}
    - target: {fileID: 400000, guid: bad0018eb9256e6409155981dd5af9a2, type: 2}
      propertyPath: m_LocalRotation.z
      value: 0
      objectReference: {fileID: 0}
    - target: {fileID: 400000, guid: bad0018eb9256e6409155981dd5af9a2, type: 2}
      propertyPath: m_LocalRotation.w
      value: 1
      objectReference: {fileID: 0}
    - target: {fileID: 400000, guid: bad0018eb9256e6409155981dd5af9a2, type: 2}
      propertyPath: m_RootOrder
      value: 0
      objectReference: {fileID: 0}
    m_RemovedComponents: []
  m_ParentPrefab: {fileID: 100100000, guid: bad0018eb9256e6409155981dd5af9a2, type: 2}
  m_RootGameObject: {fileID: 719448829}
  m_IsPrefabParent: 0
--- !u!1 &1050608841
GameObject:
  m_ObjectHideFlags: 0
  m_PrefabParentObject: {fileID: 159902, guid: bad0018eb9256e6409155981dd5af9a2, type: 2}
  m_PrefabInternal: {fileID: 1040477075}
  serializedVersion: 5
  m_Component:
  - component: {fileID: 1050608842}
  m_Layer: 0
  m_Name: B_R_Finger11
  m_TagString: Untagged
  m_Icon: {fileID: 0}
  m_NavMeshLayer: 0
  m_StaticEditorFlags: 0
  m_IsActive: 1
--- !u!4 &1050608842
Transform:
  m_ObjectHideFlags: 0
  m_PrefabParentObject: {fileID: 459900, guid: bad0018eb9256e6409155981dd5af9a2, type: 2}
  m_PrefabInternal: {fileID: 1040477075}
  m_GameObject: {fileID: 1050608841}
  m_LocalRotation: {x: 4.3494655e-10, y: 0.00000012372499, z: -0.11640196, w: 0.9932022}
  m_LocalPosition: {x: -0.07370773, y: 0, z: 0.000000076293944}
  m_LocalScale: {x: 1.0000002, y: 0.9999998, z: 1}
  m_Children:
  - {fileID: 1159505592}
  m_Father: {fileID: 220584820}
  m_RootOrder: 0
  m_LocalEulerAnglesHint: {x: 0, y: 0, z: 0}
--- !u!1 &1060640988
GameObject:
  m_ObjectHideFlags: 0
  m_PrefabParentObject: {fileID: 189280, guid: 16dc4b51d7b30f74a9fd33417596daa7, type: 2}
  m_PrefabInternal: {fileID: 1235316368}
  serializedVersion: 5
  m_Component:
  - component: {fileID: 1060640989}
  - component: {fileID: 1060640990}
  m_Layer: 1
  m_Name: Controls3
  m_TagString: Untagged
  m_Icon: {fileID: 0}
  m_NavMeshLayer: 0
  m_StaticEditorFlags: 0
  m_IsActive: 1
--- !u!4 &1060640989
Transform:
  m_ObjectHideFlags: 0
  m_PrefabParentObject: {fileID: 489280, guid: 16dc4b51d7b30f74a9fd33417596daa7, type: 2}
  m_PrefabInternal: {fileID: 1235316368}
  m_GameObject: {fileID: 1060640988}
  m_LocalRotation: {x: 0.0000002415739, y: 0.00000022335256, z: -0.00000039155222,
    w: 1}
  m_LocalPosition: {x: 0, y: -1.26, z: 0}
  m_LocalScale: {x: 1, y: 1, z: 1}
  m_Children: []
  m_Father: {fileID: 593997553}
  m_RootOrder: 1
  m_LocalEulerAnglesHint: {x: 0, y: 0, z: 0}
--- !u!212 &1060640990
SpriteRenderer:
  m_ObjectHideFlags: 0
  m_PrefabParentObject: {fileID: 21289284, guid: 16dc4b51d7b30f74a9fd33417596daa7,
    type: 2}
  m_PrefabInternal: {fileID: 1235316368}
  m_GameObject: {fileID: 1060640988}
  m_Enabled: 1
  m_CastShadows: 0
  m_ReceiveShadows: 0
  m_MotionVectors: 1
  m_LightProbeUsage: 0
  m_ReflectionProbeUsage: 1
  m_Materials:
  - {fileID: 10754, guid: 0000000000000000f000000000000000, type: 0}
  m_StaticBatchInfo:
    firstSubMesh: 0
    subMeshCount: 0
  m_StaticBatchRoot: {fileID: 0}
  m_ProbeAnchor: {fileID: 0}
  m_LightProbeVolumeOverride: {fileID: 0}
  m_ScaleInLightmap: 1
  m_PreserveUVs: 0
  m_IgnoreNormalsForChartDetection: 0
  m_ImportantGI: 0
  m_SelectedEditorRenderState: 0
  m_MinimumChartSize: 4
  m_AutoUVMaxDistance: 0.5
  m_AutoUVMaxAngle: 89
  m_LightmapParameters: {fileID: 0}
  m_SortingLayerID: 0
  m_SortingLayer: 0
  m_SortingOrder: 0
  m_Sprite: {fileID: 21300000, guid: 8e5cb6b13e58cec42abfc161955e73b8, type: 3}
  m_Color: {r: 1, g: 1, b: 1, a: 1}
  m_FlipX: 0
  m_FlipY: 0
  m_DrawMode: 0
  m_Size: {x: 1, y: 1}
  m_AdaptiveModeThreshold: 0.5
  m_SpriteTileMode: 0
  m_WasSpriteAssigned: 1
  m_MaskInteraction: 0
--- !u!1 &1061801964
GameObject:
  m_ObjectHideFlags: 0
  m_PrefabParentObject: {fileID: 0}
  m_PrefabInternal: {fileID: 0}
  serializedVersion: 5
  m_Component:
  - component: {fileID: 1061801966}
  - component: {fileID: 1061801965}
  m_Layer: 0
  m_Name: Directional light
  m_TagString: Untagged
  m_Icon: {fileID: 0}
  m_NavMeshLayer: 0
  m_StaticEditorFlags: 0
  m_IsActive: 1
--- !u!108 &1061801965
Light:
  m_ObjectHideFlags: 0
  m_PrefabParentObject: {fileID: 0}
  m_PrefabInternal: {fileID: 0}
  m_GameObject: {fileID: 1061801964}
  m_Enabled: 1
  serializedVersion: 8
  m_Type: 1
  m_Color: {r: 1, g: 1, b: 1, a: 1}
  m_Intensity: 1
  m_Range: 10
  m_SpotAngle: 30
  m_CookieSize: 10
  m_Shadows:
    m_Type: 1
    m_Resolution: -1
    m_CustomResolution: -1
    m_Strength: 1
    m_Bias: 0.05
    m_NormalBias: 0.4
    m_NearPlane: 0.2
  m_Cookie: {fileID: 0}
  m_DrawHalo: 0
  m_Flare: {fileID: 0}
  m_RenderMode: 0
  m_CullingMask:
    serializedVersion: 2
    m_Bits: 4294967295
  m_Lightmapping: 1
  m_AreaSize: {x: 1, y: 1}
  m_BounceIntensity: 1
  m_ColorTemperature: 6570
  m_UseColorTemperature: 0
  m_ShadowRadius: 0
  m_ShadowAngle: 0
--- !u!4 &1061801966
Transform:
  m_ObjectHideFlags: 0
  m_PrefabParentObject: {fileID: 0}
  m_PrefabInternal: {fileID: 0}
  m_GameObject: {fileID: 1061801964}
  m_LocalRotation: {x: 0.57087165, y: -0.56922644, z: 0.119610935, w: 0.5794654}
  m_LocalPosition: {x: 0.56189215, y: 3.2153056, z: 0.4232282}
  m_LocalScale: {x: 1, y: 1, z: 1}
  m_Children: []
  m_Father: {fileID: 0}
  m_RootOrder: 2
  m_LocalEulerAnglesHint: {x: 0, y: 0, z: 0}
--- !u!1 &1159505591
GameObject:
  m_ObjectHideFlags: 0
  m_PrefabParentObject: {fileID: 159818, guid: bad0018eb9256e6409155981dd5af9a2, type: 2}
  m_PrefabInternal: {fileID: 1040477075}
  serializedVersion: 5
  m_Component:
  - component: {fileID: 1159505592}
  m_Layer: 0
  m_Name: B_R_Finger12
  m_TagString: Untagged
  m_Icon: {fileID: 0}
  m_NavMeshLayer: 0
  m_StaticEditorFlags: 0
  m_IsActive: 1
--- !u!4 &1159505592
Transform:
  m_ObjectHideFlags: 0
  m_PrefabParentObject: {fileID: 459902, guid: bad0018eb9256e6409155981dd5af9a2, type: 2}
  m_PrefabInternal: {fileID: 1040477075}
  m_GameObject: {fileID: 1159505591}
  m_LocalRotation: {x: 0.00000002127347, y: -0.00000012251844, z: -0.11640208, w: 0.9932022}
  m_LocalPosition: {x: -0.07370773, y: -0.000000057220458, z: -0.000000114440915}
  m_LocalScale: {x: 1, y: 1.0000001, z: 0.99999976}
  m_Children: []
  m_Father: {fileID: 1050608842}
  m_RootOrder: 0
  m_LocalEulerAnglesHint: {x: 0, y: 0, z: 0}
--- !u!1 &1205779923
GameObject:
  m_ObjectHideFlags: 0
  m_PrefabParentObject: {fileID: 159840, guid: bad0018eb9256e6409155981dd5af9a2, type: 2}
  m_PrefabInternal: {fileID: 1040477075}
  serializedVersion: 5
  m_Component:
  - component: {fileID: 1205779924}
  m_Layer: 0
  m_Name: B_Spine
  m_TagString: Untagged
  m_Icon: {fileID: 0}
  m_NavMeshLayer: 0
  m_StaticEditorFlags: 0
  m_IsActive: 1
--- !u!4 &1205779924
Transform:
  m_ObjectHideFlags: 0
  m_PrefabParentObject: {fileID: 459826, guid: bad0018eb9256e6409155981dd5af9a2, type: 2}
  m_PrefabInternal: {fileID: 1040477075}
  m_GameObject: {fileID: 1205779923}
  m_LocalRotation: {x: -0.0000016033553, y: -0.000000021770637, z: -0.00039744377,
    w: 0.99999994}
  m_LocalPosition: {x: -0.12868606, y: -0.00017150372, z: -0.0000000053875464}
  m_LocalScale: {x: 1, y: 1, z: 1}
  m_Children:
  - {fileID: 175471089}
  m_Father: {fileID: 955272831}
  m_RootOrder: 2
  m_LocalEulerAnglesHint: {x: 0, y: 0, z: 0}
--- !u!1 &1213714616
GameObject:
  m_ObjectHideFlags: 0
  m_PrefabParentObject: {fileID: 159838, guid: bad0018eb9256e6409155981dd5af9a2, type: 2}
  m_PrefabInternal: {fileID: 1040477075}
  serializedVersion: 5
  m_Component:
  - component: {fileID: 1213714617}
  m_Layer: 0
  m_Name: B_R_Toe0
  m_TagString: Untagged
  m_Icon: {fileID: 0}
  m_NavMeshLayer: 0
  m_StaticEditorFlags: 0
  m_IsActive: 1
--- !u!4 &1213714617
Transform:
  m_ObjectHideFlags: 0
  m_PrefabParentObject: {fileID: 459838, guid: bad0018eb9256e6409155981dd5af9a2, type: 2}
  m_PrefabInternal: {fileID: 1040477075}
  m_GameObject: {fileID: 1213714616}
  m_LocalRotation: {x: 0.000000017086556, y: -0.000000058143495, z: -0.7071068, w: 0.7071068}
  m_LocalPosition: {x: -0.17088115, y: 0.25053588, z: -0.000000009536743}
  m_LocalScale: {x: 1, y: 1, z: 1}
  m_Children: []
  m_Father: {fileID: 1992817483}
  m_RootOrder: 0
  m_LocalEulerAnglesHint: {x: 0, y: 0, z: 0}
--- !u!1 &1232475747
GameObject:
  m_ObjectHideFlags: 0
  m_PrefabParentObject: {fileID: 159850, guid: bad0018eb9256e6409155981dd5af9a2, type: 2}
  m_PrefabInternal: {fileID: 1040477075}
  serializedVersion: 5
  m_Component:
  - component: {fileID: 1232475748}
  m_Layer: 0
  m_Name: B_L_Hand
  m_TagString: Untagged
  m_Icon: {fileID: 0}
  m_NavMeshLayer: 0
  m_StaticEditorFlags: 0
  m_IsActive: 1
--- !u!4 &1232475748
Transform:
  m_ObjectHideFlags: 0
  m_PrefabParentObject: {fileID: 459858, guid: bad0018eb9256e6409155981dd5af9a2, type: 2}
  m_PrefabInternal: {fileID: 1040477075}
  m_GameObject: {fileID: 1232475747}
  m_LocalRotation: {x: -0.7068252, y: 0.00000004215104, z: 0.00000001051993, w: 0.7073883}
  m_LocalPosition: {x: -0.2544747, y: -0.000000057220458, z: -0.00000015258789}
  m_LocalScale: {x: 1, y: 0.9999999, z: 1.0000005}
  m_Children:
  - {fileID: 944105669}
  - {fileID: 563747605}
  - {fileID: 1615683211}
  - {fileID: 1581413286}
  - {fileID: 1610445513}
  m_Father: {fileID: 796676943}
  m_RootOrder: 0
  m_LocalEulerAnglesHint: {x: 0, y: 0, z: 0}
--- !u!1001 &1235316368
Prefab:
  m_ObjectHideFlags: 0
  serializedVersion: 2
  m_Modification:
    m_TransformParent: {fileID: 0}
    m_Modifications:
    - target: {fileID: 489288, guid: 16dc4b51d7b30f74a9fd33417596daa7, type: 2}
      propertyPath: m_LocalPosition.x
      value: 0
      objectReference: {fileID: 0}
    - target: {fileID: 489288, guid: 16dc4b51d7b30f74a9fd33417596daa7, type: 2}
      propertyPath: m_LocalPosition.y
      value: 7.03000021
      objectReference: {fileID: 0}
    - target: {fileID: 489288, guid: 16dc4b51d7b30f74a9fd33417596daa7, type: 2}
      propertyPath: m_LocalPosition.z
      value: -8.65999985
      objectReference: {fileID: 0}
    - target: {fileID: 489288, guid: 16dc4b51d7b30f74a9fd33417596daa7, type: 2}
      propertyPath: m_LocalRotation.x
      value: -.382683426
      objectReference: {fileID: 0}
    - target: {fileID: 489288, guid: 16dc4b51d7b30f74a9fd33417596daa7, type: 2}
      propertyPath: m_LocalRotation.y
      value: 2.80841562e-07
      objectReference: {fileID: 0}
    - target: {fileID: 489288, guid: 16dc4b51d7b30f74a9fd33417596daa7, type: 2}
      propertyPath: m_LocalRotation.z
      value: -9.87451187e-08
      objectReference: {fileID: 0}
    - target: {fileID: 489288, guid: 16dc4b51d7b30f74a9fd33417596daa7, type: 2}
      propertyPath: m_LocalRotation.w
      value: -.923879623
      objectReference: {fileID: 0}
    - target: {fileID: 489288, guid: 16dc4b51d7b30f74a9fd33417596daa7, type: 2}
      propertyPath: m_RootOrder
      value: 1
      objectReference: {fileID: 0}
    - target: {fileID: 189288, guid: 16dc4b51d7b30f74a9fd33417596daa7, type: 2}
      propertyPath: m_Name
      value: Main Camera
      objectReference: {fileID: 0}
    - target: {fileID: 11481238, guid: 16dc4b51d7b30f74a9fd33417596daa7, type: 2}
      propertyPath: target
      value: 
      objectReference: {fileID: 928845074}
    - target: {fileID: 2089288, guid: 16dc4b51d7b30f74a9fd33417596daa7, type: 2}
      propertyPath: m_BackGroundColor.r
      value: .227450982
      objectReference: {fileID: 0}
    - target: {fileID: 2089288, guid: 16dc4b51d7b30f74a9fd33417596daa7, type: 2}
      propertyPath: m_BackGroundColor.g
      value: .223529413
      objectReference: {fileID: 0}
    - target: {fileID: 2089288, guid: 16dc4b51d7b30f74a9fd33417596daa7, type: 2}
      propertyPath: m_BackGroundColor.b
      value: .227450982
      objectReference: {fileID: 0}
    m_RemovedComponents: []
  m_ParentPrefab: {fileID: 100100000, guid: 16dc4b51d7b30f74a9fd33417596daa7, type: 2}
  m_RootGameObject: {fileID: 847499126}
  m_IsPrefabParent: 0
--- !u!1 &1283499538
GameObject:
  m_ObjectHideFlags: 0
  m_PrefabParentObject: {fileID: 159872, guid: bad0018eb9256e6409155981dd5af9a2, type: 2}
  m_PrefabInternal: {fileID: 1040477075}
  serializedVersion: 5
  m_Component:
  - component: {fileID: 1283499539}
  m_Layer: 0
  m_Name: B_L_Finger31
  m_TagString: Untagged
  m_Icon: {fileID: 0}
  m_NavMeshLayer: 0
  m_StaticEditorFlags: 0
  m_IsActive: 1
--- !u!4 &1283499539
Transform:
  m_ObjectHideFlags: 0
  m_PrefabParentObject: {fileID: 459880, guid: bad0018eb9256e6409155981dd5af9a2, type: 2}
  m_PrefabInternal: {fileID: 1040477075}
  m_GameObject: {fileID: 1283499538}
  m_LocalRotation: {x: -0.00000012079937, y: -0.00000009461531, z: -0.11640205, w: 0.9932022}
  m_LocalPosition: {x: -0.073707886, y: 0.00000015258789, z: 0}
  m_LocalScale: {x: 1, y: 0.99999976, z: 1.0000001}
  m_Children:
  - {fileID: 1660171224}
  m_Father: {fileID: 1581413286}
  m_RootOrder: 0
  m_LocalEulerAnglesHint: {x: 0, y: 0, z: 0}
--- !u!1 &1310577878
GameObject:
  m_ObjectHideFlags: 0
  m_PrefabParentObject: {fileID: 159890, guid: bad0018eb9256e6409155981dd5af9a2, type: 2}
  m_PrefabInternal: {fileID: 1040477075}
  serializedVersion: 5
  m_Component:
  - component: {fileID: 1310577879}
  m_Layer: 0
  m_Name: B_R_Forearm
  m_TagString: Untagged
  m_Icon: {fileID: 0}
  m_NavMeshLayer: 0
  m_StaticEditorFlags: 0
  m_IsActive: 1
--- !u!4 &1310577879
Transform:
  m_ObjectHideFlags: 0
  m_PrefabParentObject: {fileID: 459854, guid: bad0018eb9256e6409155981dd5af9a2, type: 2}
  m_PrefabInternal: {fileID: 1040477075}
  m_GameObject: {fileID: 1310577878}
  m_LocalRotation: {x: 0.000000093587474, y: 0.000000028110009, z: 0.09983303, w: 0.99500424}
  m_LocalPosition: {x: -0.37960723, y: 0.000000038146972, z: 0.00000019073485}
  m_LocalScale: {x: 0.9999998, y: 0.99999994, z: 1.0000002}
  m_Children:
  - {fileID: 983175293}
  m_Father: {fileID: 1396213220}
  m_RootOrder: 0
  m_LocalEulerAnglesHint: {x: 0, y: 0, z: 0}
--- !u!1 &1396213219
GameObject:
  m_ObjectHideFlags: 0
  m_PrefabParentObject: {fileID: 159888, guid: bad0018eb9256e6409155981dd5af9a2, type: 2}
  m_PrefabInternal: {fileID: 1040477075}
  serializedVersion: 5
  m_Component:
  - component: {fileID: 1396213220}
  m_Layer: 0
  m_Name: B_R_UpperArm
  m_TagString: Untagged
  m_Icon: {fileID: 0}
  m_NavMeshLayer: 0
  m_StaticEditorFlags: 0
  m_IsActive: 1
--- !u!4 &1396213220
Transform:
  m_ObjectHideFlags: 0
  m_PrefabParentObject: {fileID: 459842, guid: bad0018eb9256e6409155981dd5af9a2, type: 2}
  m_PrefabInternal: {fileID: 1040477075}
  m_GameObject: {fileID: 1396213219}
  m_LocalRotation: {x: -0.037064075, y: 0.6700438, z: -0.033529013, w: 0.7406371}
  m_LocalPosition: {x: -0.2791774, y: 0.0000001230836, z: -0.00000015258789}
  m_LocalScale: {x: 0.9999998, y: 1.0000001, z: 0.9999997}
  m_Children:
  - {fileID: 1310577879}
  m_Father: {fileID: 2007508479}
  m_RootOrder: 0
  m_LocalEulerAnglesHint: {x: 0, y: 0, z: 0}
--- !u!1 &1474078363
GameObject:
  m_ObjectHideFlags: 0
  m_PrefabParentObject: {fileID: 159834, guid: bad0018eb9256e6409155981dd5af9a2, type: 2}
  m_PrefabInternal: {fileID: 1040477075}
  serializedVersion: 5
  m_Component:
  - component: {fileID: 1474078364}
  m_Layer: 0
  m_Name: B_R_Calf
  m_TagString: Untagged
  m_Icon: {fileID: 0}
  m_NavMeshLayer: 0
  m_StaticEditorFlags: 0
  m_IsActive: 1
--- !u!4 &1474078364
Transform:
  m_ObjectHideFlags: 0
  m_PrefabParentObject: {fileID: 459832, guid: bad0018eb9256e6409155981dd5af9a2, type: 2}
  m_PrefabInternal: {fileID: 1040477075}
  m_GameObject: {fileID: 1474078363}
  m_LocalRotation: {x: 0.0000023773391, y: -0.00000018754649, z: 0.09983331, w: 0.9950042}
  m_LocalPosition: {x: -0.55950487, y: 0.000000009536743, z: 0.000000019073486}
  m_LocalScale: {x: 1.0000002, y: 1.0000002, z: 1}
  m_Children:
  - {fileID: 1992817483}
  m_Father: {fileID: 1700706711}
  m_RootOrder: 0
  m_LocalEulerAnglesHint: {x: 0, y: 0, z: 0}
--- !u!1 &1521406747
GameObject:
  m_ObjectHideFlags: 0
  m_PrefabParentObject: {fileID: 159828, guid: bad0018eb9256e6409155981dd5af9a2, type: 2}
  m_PrefabInternal: {fileID: 1040477075}
  serializedVersion: 5
  m_Component:
  - component: {fileID: 1521406748}
  m_Layer: 0
  m_Name: B_L_Foot
  m_TagString: Untagged
  m_Icon: {fileID: 0}
  m_NavMeshLayer: 0
  m_StaticEditorFlags: 0
  m_IsActive: 1
--- !u!4 &1521406748
Transform:
  m_ObjectHideFlags: 0
  m_PrefabParentObject: {fileID: 459830, guid: bad0018eb9256e6409155981dd5af9a2, type: 2}
  m_PrefabInternal: {fileID: 1040477075}
  m_GameObject: {fileID: 1521406747}
  m_LocalRotation: {x: 0.00000047264385, y: -0.000000048054105, z: -0.049979202, w: 0.99875027}
  m_LocalPosition: {x: -0.5595047, y: -0.000000009536743, z: -0.000000028610229}
  m_LocalScale: {x: 0.9999998, y: 0.9999997, z: 1}
  m_Children:
  - {fileID: 326789014}
  m_Father: {fileID: 1760845484}
  m_RootOrder: 0
  m_LocalEulerAnglesHint: {x: 0, y: 0, z: 0}
--- !u!1 &1529274231
GameObject:
  m_ObjectHideFlags: 0
  m_PrefabParentObject: {fileID: 0}
  m_PrefabInternal: {fileID: 0}
  serializedVersion: 5
  m_Component:
  - component: {fileID: 1529274235}
  - component: {fileID: 1529274234}
  - component: {fileID: 1529274232}
  - component: {fileID: 1529274233}
  m_Layer: 0
  m_Name: Grid
  m_TagString: Untagged
  m_Icon: {fileID: 0}
  m_NavMeshLayer: 0
  m_StaticEditorFlags: 0
  m_IsActive: 1
--- !u!23 &1529274232
MeshRenderer:
  m_ObjectHideFlags: 0
  m_PrefabParentObject: {fileID: 0}
  m_PrefabInternal: {fileID: 0}
  m_GameObject: {fileID: 1529274231}
  m_Enabled: 1
  m_CastShadows: 1
  m_ReceiveShadows: 1
  m_MotionVectors: 1
  m_LightProbeUsage: 0
  m_ReflectionProbeUsage: 1
  m_Materials:
  - {fileID: 2100000, guid: 68b1fdfa59a408c4e912b4f523135bec, type: 2}
  m_StaticBatchInfo:
    firstSubMesh: 0
    subMeshCount: 0
  m_StaticBatchRoot: {fileID: 0}
  m_ProbeAnchor: {fileID: 0}
  m_LightProbeVolumeOverride: {fileID: 0}
  m_ScaleInLightmap: 1
  m_PreserveUVs: 0
  m_IgnoreNormalsForChartDetection: 0
  m_ImportantGI: 0
  m_SelectedEditorRenderState: 3
  m_MinimumChartSize: 4
  m_AutoUVMaxDistance: 0.5
  m_AutoUVMaxAngle: 89
  m_LightmapParameters: {fileID: 0}
  m_SortingLayerID: 0
  m_SortingLayer: 0
  m_SortingOrder: 0
--- !u!64 &1529274233
MeshCollider:
  m_ObjectHideFlags: 0
  m_PrefabParentObject: {fileID: 0}
  m_PrefabInternal: {fileID: 0}
  m_GameObject: {fileID: 1529274231}
  m_Material: {fileID: 0}
  m_IsTrigger: 0
  m_Enabled: 1
  serializedVersion: 2
  m_Convex: 0
  m_InflateMesh: 0
  m_SkinWidth: 0.01
  m_Mesh: {fileID: 10210, guid: 0000000000000000e000000000000000, type: 0}
--- !u!33 &1529274234
MeshFilter:
  m_ObjectHideFlags: 0
  m_PrefabParentObject: {fileID: 0}
  m_PrefabInternal: {fileID: 0}
  m_GameObject: {fileID: 1529274231}
  m_Mesh: {fileID: 10210, guid: 0000000000000000e000000000000000, type: 0}
--- !u!4 &1529274235
Transform:
  m_ObjectHideFlags: 0
  m_PrefabParentObject: {fileID: 0}
  m_PrefabInternal: {fileID: 0}
  m_GameObject: {fileID: 1529274231}
  m_LocalRotation: {x: 0.7071068, y: 0, z: 0, w: 0.7071068}
  m_LocalPosition: {x: 0, y: 0, z: 0}
  m_LocalScale: {x: 50, y: 50, z: 50}
  m_Children: []
  m_Father: {fileID: 0}
  m_RootOrder: 3
  m_LocalEulerAnglesHint: {x: 0, y: 0, z: 0}
--- !u!1 &1581413285
GameObject:
  m_ObjectHideFlags: 0
  m_PrefabParentObject: {fileID: 159870, guid: bad0018eb9256e6409155981dd5af9a2, type: 2}
  m_PrefabInternal: {fileID: 1040477075}
  serializedVersion: 5
  m_Component:
  - component: {fileID: 1581413286}
  m_Layer: 0
  m_Name: B_L_Finger3
  m_TagString: Untagged
  m_Icon: {fileID: 0}
  m_NavMeshLayer: 0
  m_StaticEditorFlags: 0
  m_IsActive: 1
--- !u!4 &1581413286
Transform:
  m_ObjectHideFlags: 0
  m_PrefabParentObject: {fileID: 459878, guid: bad0018eb9256e6409155981dd5af9a2, type: 2}
  m_PrefabInternal: {fileID: 1040477075}
  m_GameObject: {fileID: 1581413285}
  m_LocalRotation: {x: -0.00039871738, y: 0.0000002086177, z: -0.0000000036421106,
    w: 0.99999994}
  m_LocalPosition: {x: -0.17157638, y: -0.0349287, z: 0.020928191}
  m_LocalScale: {x: 1.0000001, y: 1, z: 0.9999999}
  m_Children:
  - {fileID: 1283499539}
  m_Father: {fileID: 1232475748}
  m_RootOrder: 3
  m_LocalEulerAnglesHint: {x: 0, y: 0, z: 0}
--- !u!1 &1587634512
GameObject:
  m_ObjectHideFlags: 0
  m_PrefabParentObject: {fileID: 126160, guid: bad0018eb9256e6409155981dd5af9a2, type: 2}
  m_PrefabInternal: {fileID: 1040477075}
  serializedVersion: 5
  m_Component:
  - component: {fileID: 1587634513}
  - component: {fileID: 1587634514}
  m_Layer: 0
  m_Name: Mesh-Staff
  m_TagString: Untagged
  m_Icon: {fileID: 0}
  m_NavMeshLayer: 0
  m_StaticEditorFlags: 0
  m_IsActive: 1
--- !u!4 &1587634513
Transform:
  m_ObjectHideFlags: 0
  m_PrefabParentObject: {fileID: 426160, guid: bad0018eb9256e6409155981dd5af9a2, type: 2}
  m_PrefabInternal: {fileID: 1040477075}
  m_GameObject: {fileID: 1587634512}
  m_LocalRotation: {x: 0.08715569, y: 0, z: 0, w: 0.9961947}
  m_LocalPosition: {x: 0.40956068, y: 1.2630124, z: -0.6981172}
  m_LocalScale: {x: 1, y: 0.99999994, z: 1}
  m_Children: []
  m_Father: {fileID: 928845074}
  m_RootOrder: 1
  m_LocalEulerAnglesHint: {x: 0, y: 0, z: 0}
--- !u!137 &1587634514
SkinnedMeshRenderer:
  m_ObjectHideFlags: 0
  m_PrefabParentObject: {fileID: 13726160, guid: bad0018eb9256e6409155981dd5af9a2,
    type: 2}
  m_PrefabInternal: {fileID: 1040477075}
  m_GameObject: {fileID: 1587634512}
  m_Enabled: 1
  m_CastShadows: 1
  m_ReceiveShadows: 1
  m_MotionVectors: 1
  m_LightProbeUsage: 0
  m_ReflectionProbeUsage: 1
  m_Materials:
  - {fileID: 2100000, guid: 477b1ce20530f594b87bce7fe5ba012a, type: 2}
  m_StaticBatchInfo:
    firstSubMesh: 0
    subMeshCount: 0
  m_StaticBatchRoot: {fileID: 0}
  m_ProbeAnchor: {fileID: 0}
  m_LightProbeVolumeOverride: {fileID: 0}
  m_ScaleInLightmap: 1
  m_PreserveUVs: 0
  m_IgnoreNormalsForChartDetection: 0
  m_ImportantGI: 0
  m_SelectedEditorRenderState: 3
  m_MinimumChartSize: 4
  m_AutoUVMaxDistance: 0.5
  m_AutoUVMaxAngle: 89
  m_LightmapParameters: {fileID: 0}
  m_SortingLayerID: 0
  m_SortingLayer: 0
  m_SortingOrder: 0
  serializedVersion: 2
  m_Quality: 0
  m_UpdateWhenOffscreen: 0
  m_SkinnedMotionVectors: 1
  m_Mesh: {fileID: 4300010, guid: 7c72ed3f90575084c9f3b5b585887182, type: 3}
  m_Bones:
  - {fileID: 983175293}
  m_BlendShapeWeights: []
  m_RootBone: {fileID: 983175293}
  m_AABB:
    m_Center: {x: -0.24831066, y: 0.013522338, z: 0.18534428}
    m_Extent: {x: 0.3078309, y: 0.13697948, z: 0.9011534}
  m_DirtyAABB: 0
--- !u!1 &1597526038
GameObject:
  m_ObjectHideFlags: 0
  m_PrefabParentObject: {fileID: 159896, guid: bad0018eb9256e6409155981dd5af9a2, type: 2}
  m_PrefabInternal: {fileID: 1040477075}
  serializedVersion: 5
  m_Component:
  - component: {fileID: 1597526039}
  m_Layer: 0
  m_Name: B_R_Finger01
  m_TagString: Untagged
  m_Icon: {fileID: 0}
  m_NavMeshLayer: 0
  m_StaticEditorFlags: 0
  m_IsActive: 1
--- !u!4 &1597526039
Transform:
  m_ObjectHideFlags: 0
  m_PrefabParentObject: {fileID: 459894, guid: bad0018eb9256e6409155981dd5af9a2, type: 2}
  m_PrefabInternal: {fileID: 1040477075}
  m_GameObject: {fileID: 1597526038}
  m_LocalRotation: {x: -0.000000014566279, y: 0.0000002117513, z: -0.11640206, w: 0.9932022}
  m_LocalPosition: {x: -0.06142326, y: -0.000000114440915, z: 0.000000076293944}
  m_LocalScale: {x: 0.9999999, y: 1.0000001, z: 1.0000001}
  m_Children:
  - {fileID: 2133944410}
  m_Father: {fileID: 432516725}
  m_RootOrder: 0
  m_LocalEulerAnglesHint: {x: 0, y: 0, z: 0}
--- !u!1 &1610445512
GameObject:
  m_ObjectHideFlags: 0
  m_PrefabParentObject: {fileID: 159876, guid: bad0018eb9256e6409155981dd5af9a2, type: 2}
  m_PrefabInternal: {fileID: 1040477075}
  serializedVersion: 5
  m_Component:
  - component: {fileID: 1610445513}
  m_Layer: 0
  m_Name: B_L_Finger4
  m_TagString: Untagged
  m_Icon: {fileID: 0}
  m_NavMeshLayer: 0
  m_StaticEditorFlags: 0
  m_IsActive: 1
--- !u!4 &1610445513
Transform:
  m_ObjectHideFlags: 0
  m_PrefabParentObject: {fileID: 459884, guid: bad0018eb9256e6409155981dd5af9a2, type: 2}
  m_PrefabInternal: {fileID: 1040477075}
  m_GameObject: {fileID: 1610445512}
  m_LocalRotation: {x: -0.00039956573, y: 0.00000021979355, z: -0.0000000036374677,
    w: 0.99999994}
  m_LocalPosition: {x: -0.17157638, y: -0.03489662, z: 0.061353847}
  m_LocalScale: {x: 1.0000002, y: 1.0000002, z: 0.99999994}
  m_Children:
  - {fileID: 485606460}
  m_Father: {fileID: 1232475748}
  m_RootOrder: 4
  m_LocalEulerAnglesHint: {x: 0, y: 0, z: 0}
--- !u!1 &1615683210
GameObject:
  m_ObjectHideFlags: 0
  m_PrefabParentObject: {fileID: 159864, guid: bad0018eb9256e6409155981dd5af9a2, type: 2}
  m_PrefabInternal: {fileID: 1040477075}
  serializedVersion: 5
  m_Component:
  - component: {fileID: 1615683211}
  m_Layer: 0
  m_Name: B_L_Finger2
  m_TagString: Untagged
  m_Icon: {fileID: 0}
  m_NavMeshLayer: 0
  m_StaticEditorFlags: 0
  m_IsActive: 1
--- !u!4 &1615683211
Transform:
  m_ObjectHideFlags: 0
  m_PrefabParentObject: {fileID: 459872, guid: bad0018eb9256e6409155981dd5af9a2, type: 2}
  m_PrefabInternal: {fileID: 1040477075}
  m_GameObject: {fileID: 1615683210}
  m_LocalRotation: {x: -0.00039815757, y: 0.00000020484495, z: 0.000000115565555,
    w: 0.99999994}
  m_LocalPosition: {x: -0.17157653, y: -0.03496109, z: -0.019497441}
  m_LocalScale: {x: 1.0000001, y: 1.0000002, z: 0.99999994}
  m_Children:
  - {fileID: 691326345}
  m_Father: {fileID: 1232475748}
  m_RootOrder: 2
  m_LocalEulerAnglesHint: {x: 0, y: 0, z: 0}
--- !u!1 &1660171223
GameObject:
  m_ObjectHideFlags: 0
  m_PrefabParentObject: {fileID: 159874, guid: bad0018eb9256e6409155981dd5af9a2, type: 2}
  m_PrefabInternal: {fileID: 1040477075}
  serializedVersion: 5
  m_Component:
  - component: {fileID: 1660171224}
  m_Layer: 0
  m_Name: B_L_Finger32
  m_TagString: Untagged
  m_Icon: {fileID: 0}
  m_NavMeshLayer: 0
  m_StaticEditorFlags: 0
  m_IsActive: 1
--- !u!4 &1660171224
Transform:
  m_ObjectHideFlags: 0
  m_PrefabParentObject: {fileID: 459882, guid: bad0018eb9256e6409155981dd5af9a2, type: 2}
  m_PrefabInternal: {fileID: 1040477075}
  m_GameObject: {fileID: 1660171223}
  m_LocalRotation: {x: -0.00000022578263, y: 0.0000002177516, z: -0.11640201, w: 0.9932022}
  m_LocalPosition: {x: -0.073707655, y: 0.00000020980835, z: 0.000000038146972}
  m_LocalScale: {x: 0.99999994, y: 0.99999976, z: 1.0000002}
  m_Children: []
  m_Father: {fileID: 1283499539}
  m_RootOrder: 0
  m_LocalEulerAnglesHint: {x: 0, y: 0, z: 0}
--- !u!1 &1683848051
GameObject:
  m_ObjectHideFlags: 0
  m_PrefabParentObject: {fileID: 159846, guid: bad0018eb9256e6409155981dd5af9a2, type: 2}
  m_PrefabInternal: {fileID: 1040477075}
  serializedVersion: 5
  m_Component:
  - component: {fileID: 1683848052}
  m_Layer: 0
  m_Name: B_L_UpperArm
  m_TagString: Untagged
  m_Icon: {fileID: 0}
  m_NavMeshLayer: 0
  m_StaticEditorFlags: 0
  m_IsActive: 1
--- !u!4 &1683848052
Transform:
  m_ObjectHideFlags: 0
  m_PrefabParentObject: {fileID: 459844, guid: bad0018eb9256e6409155981dd5af9a2, type: 2}
  m_PrefabInternal: {fileID: 1040477075}
  m_GameObject: {fileID: 1683848051}
  m_LocalRotation: {x: 0.037062705, y: -0.6700438, z: -0.033530645, w: 0.7406371}
  m_LocalPosition: {x: -0.27917758, y: 0.000000015199184, z: 0}
  m_LocalScale: {x: 0.99999976, y: 0.9999998, z: 1.0000004}
  m_Children:
  - {fileID: 796676943}
  m_Father: {fileID: 1934208245}
  m_RootOrder: 0
  m_LocalEulerAnglesHint: {x: 0, y: 0, z: 0}
--- !u!1 &1700706710
GameObject:
  m_ObjectHideFlags: 0
  m_PrefabParentObject: {fileID: 159832, guid: bad0018eb9256e6409155981dd5af9a2, type: 2}
  m_PrefabInternal: {fileID: 1040477075}
  serializedVersion: 5
  m_Component:
  - component: {fileID: 1700706711}
  m_Layer: 0
  m_Name: B_R_Thigh
  m_TagString: Untagged
  m_Icon: {fileID: 0}
  m_NavMeshLayer: 0
  m_StaticEditorFlags: 0
  m_IsActive: 1
--- !u!4 &1700706711
Transform:
  m_ObjectHideFlags: 0
  m_PrefabParentObject: {fileID: 459824, guid: bad0018eb9256e6409155981dd5af9a2, type: 2}
  m_PrefabInternal: {fileID: 1040477075}
  m_GameObject: {fileID: 1700706710}
  m_LocalRotation: {x: -0.04997973, y: 0.99875027, z: 0.0000016922992, w: -0.00000012497962}
  m_LocalPosition: {x: -0, y: -0.00000015109777, z: -0.15105617}
  m_LocalScale: {x: 0.9999999, y: 1, z: 1}
  m_Children:
  - {fileID: 1474078364}
  m_Father: {fileID: 955272831}
  m_RootOrder: 1
  m_LocalEulerAnglesHint: {x: 0, y: 0, z: 0}
--- !u!1 &1760845483
GameObject:
  m_ObjectHideFlags: 0
  m_PrefabParentObject: {fileID: 159826, guid: bad0018eb9256e6409155981dd5af9a2, type: 2}
  m_PrefabInternal: {fileID: 1040477075}
  serializedVersion: 5
  m_Component:
  - component: {fileID: 1760845484}
  m_Layer: 0
  m_Name: B_L_Calf
  m_TagString: Untagged
  m_Icon: {fileID: 0}
  m_NavMeshLayer: 0
  m_StaticEditorFlags: 0
  m_IsActive: 1
--- !u!4 &1760845484
Transform:
  m_ObjectHideFlags: 0
  m_PrefabParentObject: {fileID: 459828, guid: bad0018eb9256e6409155981dd5af9a2, type: 2}
  m_PrefabInternal: {fileID: 1040477075}
  m_GameObject: {fileID: 1760845483}
  m_LocalRotation: {x: -0.0000040043083, y: 0.00000030656216, z: 0.09983331, w: 0.9950042}
  m_LocalPosition: {x: -0.5595049, y: 0.000000009536743, z: 0.000000038146972}
  m_LocalScale: {x: 1.0000002, y: 1.0000002, z: 1}
  m_Children:
  - {fileID: 1521406748}
  m_Father: {fileID: 2021050411}
  m_RootOrder: 0
  m_LocalEulerAnglesHint: {x: 0, y: 0, z: 0}
--- !u!1 &1771377280
GameObject:
  m_ObjectHideFlags: 0
  m_PrefabParentObject: {fileID: 159912, guid: bad0018eb9256e6409155981dd5af9a2, type: 2}
  m_PrefabInternal: {fileID: 1040477075}
  serializedVersion: 5
  m_Component:
  - component: {fileID: 1771377281}
  m_Layer: 0
  m_Name: B_R_Finger31
  m_TagString: Untagged
  m_Icon: {fileID: 0}
  m_NavMeshLayer: 0
  m_StaticEditorFlags: 0
  m_IsActive: 1
--- !u!4 &1771377281
Transform:
  m_ObjectHideFlags: 0
  m_PrefabParentObject: {fileID: 459912, guid: bad0018eb9256e6409155981dd5af9a2, type: 2}
  m_PrefabInternal: {fileID: 1040477075}
  m_GameObject: {fileID: 1771377280}
  m_LocalRotation: {x: 0.000000006851507, y: 0.000000070461965, z: -0.116402015, w: 0.9932022}
  m_LocalPosition: {x: -0.073707506, y: -0.000000076293944, z: 0}
  m_LocalScale: {x: 1.0000001, y: 1.0000001, z: 1.0000002}
  m_Children:
  - {fileID: 1988845900}
  m_Father: {fileID: 366237683}
  m_RootOrder: 0
  m_LocalEulerAnglesHint: {x: 0, y: 0, z: 0}
--- !u!1 &1780298135
GameObject:
  m_ObjectHideFlags: 0
  m_PrefabParentObject: {fileID: 159868, guid: bad0018eb9256e6409155981dd5af9a2, type: 2}
  m_PrefabInternal: {fileID: 1040477075}
  serializedVersion: 5
  m_Component:
  - component: {fileID: 1780298136}
  m_Layer: 0
  m_Name: B_L_Finger22
  m_TagString: Untagged
  m_Icon: {fileID: 0}
  m_NavMeshLayer: 0
  m_StaticEditorFlags: 0
  m_IsActive: 1
--- !u!4 &1780298136
Transform:
  m_ObjectHideFlags: 0
  m_PrefabParentObject: {fileID: 459876, guid: bad0018eb9256e6409155981dd5af9a2, type: 2}
  m_PrefabInternal: {fileID: 1040477075}
  m_GameObject: {fileID: 1780298135}
  m_LocalRotation: {x: 0.000000005868123, y: 0.000000018066203, z: -0.11640198, w: 0.9932022}
  m_LocalPosition: {x: -0.08599251, y: 0.00000015258789, z: -0.000000047683713}
  m_LocalScale: {x: 0.9999999, y: 0.99999994, z: 1.0000001}
  m_Children: []
  m_Father: {fileID: 691326345}
  m_RootOrder: 0
  m_LocalEulerAnglesHint: {x: 0, y: 0, z: 0}
--- !u!1 &1916802250
GameObject:
  m_ObjectHideFlags: 0
  m_PrefabParentObject: {fileID: 159904, guid: bad0018eb9256e6409155981dd5af9a2, type: 2}
  m_PrefabInternal: {fileID: 1040477075}
  serializedVersion: 5
  m_Component:
  - component: {fileID: 1916802251}
  m_Layer: 0
  m_Name: B_R_Finger2
  m_TagString: Untagged
  m_Icon: {fileID: 0}
  m_NavMeshLayer: 0
  m_StaticEditorFlags: 0
  m_IsActive: 1
--- !u!4 &1916802251
Transform:
  m_ObjectHideFlags: 0
  m_PrefabParentObject: {fileID: 459904, guid: bad0018eb9256e6409155981dd5af9a2, type: 2}
  m_PrefabInternal: {fileID: 1040477075}
  m_GameObject: {fileID: 1916802250}
  m_LocalRotation: {x: 0.0003981362, y: -0.00000005960909, z: -0.00000001115214, w: 0.99999994}
  m_LocalPosition: {x: -0.1715766, y: -0.034960784, z: 0.019497499}
  m_LocalScale: {x: 1, y: 1.0000001, z: 0.99999994}
  m_Children:
  - {fileID: 864026921}
  m_Father: {fileID: 983175293}
  m_RootOrder: 2
  m_LocalEulerAnglesHint: {x: 0, y: 0, z: 0}
--- !u!1 &1934208244
GameObject:
  m_ObjectHideFlags: 0
  m_PrefabParentObject: {fileID: 159844, guid: bad0018eb9256e6409155981dd5af9a2, type: 2}
  m_PrefabInternal: {fileID: 1040477075}
  serializedVersion: 5
  m_Component:
  - component: {fileID: 1934208245}
  m_Layer: 0
  m_Name: B_L_Clavicle
  m_TagString: Untagged
  m_Icon: {fileID: 0}
  m_NavMeshLayer: 0
  m_StaticEditorFlags: 0
  m_IsActive: 1
--- !u!4 &1934208245
Transform:
  m_ObjectHideFlags: 0
  m_PrefabParentObject: {fileID: 459850, guid: bad0018eb9256e6409155981dd5af9a2, type: 2}
  m_PrefabInternal: {fileID: 1040477075}
  m_GameObject: {fileID: 1934208244}
  m_LocalRotation: {x: 0.70710677, y: 0.00028154097, z: -0.70710677, w: 0.00028154097}
  m_LocalPosition: {x: -0.29094252, y: -0.00000010475516, z: 0.057713848}
  m_LocalScale: {x: 1, y: 1, z: 1}
  m_Children:
  - {fileID: 1683848052}
  m_Father: {fileID: 175471089}
  m_RootOrder: 0
  m_LocalEulerAnglesHint: {x: 0, y: 0, z: 0}
--- !u!1 &1988845899
GameObject:
  m_ObjectHideFlags: 0
  m_PrefabParentObject: {fileID: 159914, guid: bad0018eb9256e6409155981dd5af9a2, type: 2}
  m_PrefabInternal: {fileID: 1040477075}
  serializedVersion: 5
  m_Component:
  - component: {fileID: 1988845900}
  m_Layer: 0
  m_Name: B_R_Finger32
  m_TagString: Untagged
  m_Icon: {fileID: 0}
  m_NavMeshLayer: 0
  m_StaticEditorFlags: 0
  m_IsActive: 1
--- !u!4 &1988845900
Transform:
  m_ObjectHideFlags: 0
  m_PrefabParentObject: {fileID: 459914, guid: bad0018eb9256e6409155981dd5af9a2, type: 2}
  m_PrefabInternal: {fileID: 1040477075}
  m_GameObject: {fileID: 1988845899}
  m_LocalRotation: {x: 0.0000002643167, y: -9.712722e-10, z: -0.116402, w: 0.9932022}
  m_LocalPosition: {x: -0.073707886, y: -0.00000019073485, z: -0.00000017166137}
  m_LocalScale: {x: 1.0000001, y: 1, z: 1.0000005}
  m_Children: []
  m_Father: {fileID: 1771377281}
  m_RootOrder: 0
  m_LocalEulerAnglesHint: {x: 0, y: 0, z: 0}
--- !u!1 &1992817482
GameObject:
  m_ObjectHideFlags: 0
  m_PrefabParentObject: {fileID: 159836, guid: bad0018eb9256e6409155981dd5af9a2, type: 2}
  m_PrefabInternal: {fileID: 1040477075}
  serializedVersion: 5
  m_Component:
  - component: {fileID: 1992817483}
  m_Layer: 0
  m_Name: B_R_Foot
  m_TagString: Untagged
  m_Icon: {fileID: 0}
  m_NavMeshLayer: 0
  m_StaticEditorFlags: 0
  m_IsActive: 1
--- !u!4 &1992817483
Transform:
  m_ObjectHideFlags: 0
  m_PrefabParentObject: {fileID: 459834, guid: bad0018eb9256e6409155981dd5af9a2, type: 2}
  m_PrefabInternal: {fileID: 1040477075}
  m_GameObject: {fileID: 1992817482}
  m_LocalRotation: {x: 0.00000002681059, y: -0.00000004510774, z: -0.049979202, w: 0.99875027}
  m_LocalPosition: {x: -0.55950487, y: -0.0000000011920929, z: 0.000000028610229}
  m_LocalScale: {x: 0.9999998, y: 0.9999997, z: 1}
  m_Children:
  - {fileID: 1213714617}
  m_Father: {fileID: 1474078364}
  m_RootOrder: 0
  m_LocalEulerAnglesHint: {x: 0, y: 0, z: 0}
--- !u!1 &2007508478
GameObject:
  m_ObjectHideFlags: 0
  m_PrefabParentObject: {fileID: 159886, guid: bad0018eb9256e6409155981dd5af9a2, type: 2}
  m_PrefabInternal: {fileID: 1040477075}
  serializedVersion: 5
  m_Component:
  - component: {fileID: 2007508479}
  m_Layer: 0
  m_Name: B_R_Clavicle
  m_TagString: Untagged
  m_Icon: {fileID: 0}
  m_NavMeshLayer: 0
  m_StaticEditorFlags: 0
  m_IsActive: 1
--- !u!4 &2007508479
Transform:
  m_ObjectHideFlags: 0
  m_PrefabParentObject: {fileID: 459852, guid: bad0018eb9256e6409155981dd5af9a2, type: 2}
  m_PrefabInternal: {fileID: 1040477075}
  m_GameObject: {fileID: 2007508478}
  m_LocalRotation: {x: 0.70710677, y: 0.00028147915, z: 0.70710677, w: -0.00028147915}
  m_LocalPosition: {x: -0.29094252, y: 0.00000010505318, z: -0.057713855}
  m_LocalScale: {x: 1, y: 1, z: 1}
  m_Children:
  - {fileID: 1396213220}
  m_Father: {fileID: 175471089}
  m_RootOrder: 2
  m_LocalEulerAnglesHint: {x: 0, y: 0, z: 0}
--- !u!1 &2021050410
GameObject:
  m_ObjectHideFlags: 0
  m_PrefabParentObject: {fileID: 159824, guid: bad0018eb9256e6409155981dd5af9a2, type: 2}
  m_PrefabInternal: {fileID: 1040477075}
  serializedVersion: 5
  m_Component:
  - component: {fileID: 2021050411}
  m_Layer: 0
  m_Name: B_L_Thigh
  m_TagString: Untagged
  m_Icon: {fileID: 0}
  m_NavMeshLayer: 0
  m_StaticEditorFlags: 0
  m_IsActive: 1
--- !u!4 &2021050411
Transform:
  m_ObjectHideFlags: 0
  m_PrefabParentObject: {fileID: 459820, guid: bad0018eb9256e6409155981dd5af9a2, type: 2}
  m_PrefabInternal: {fileID: 1040477075}
  m_GameObject: {fileID: 2021050410}
  m_LocalRotation: {x: -0.04997973, y: 0.99875027, z: -0.000004234586, w: 0.00000012082359}
  m_LocalPosition: {x: -0, y: 0.00000026673078, z: 0.15105617}
  m_LocalScale: {x: 0.9999999, y: 1, z: 1}
  m_Children:
  - {fileID: 1760845484}
  m_Father: {fileID: 955272831}
  m_RootOrder: 0
  m_LocalEulerAnglesHint: {x: 0, y: 0, z: 0}
--- !u!1 &2023128965
GameObject:
  m_ObjectHideFlags: 0
  m_PrefabParentObject: {fileID: 159854, guid: bad0018eb9256e6409155981dd5af9a2, type: 2}
  m_PrefabInternal: {fileID: 1040477075}
  serializedVersion: 5
  m_Component:
  - component: {fileID: 2023128966}
  m_Layer: 0
  m_Name: B_L_Finger01
  m_TagString: Untagged
  m_Icon: {fileID: 0}
  m_NavMeshLayer: 0
  m_StaticEditorFlags: 0
  m_IsActive: 1
--- !u!4 &2023128966
Transform:
  m_ObjectHideFlags: 0
  m_PrefabParentObject: {fileID: 459862, guid: bad0018eb9256e6409155981dd5af9a2, type: 2}
  m_PrefabInternal: {fileID: 1040477075}
  m_GameObject: {fileID: 2023128965}
  m_LocalRotation: {x: 0.000000011678515, y: 0.00000004364074, z: -0.11640196, w: 0.9932022}
  m_LocalPosition: {x: -0.061423033, y: 0, z: -0.00000020980835}
  m_LocalScale: {x: 1.0000001, y: 0.9999999, z: 0.99999964}
  m_Children:
  - {fileID: 724154532}
  m_Father: {fileID: 944105669}
  m_RootOrder: 0
  m_LocalEulerAnglesHint: {x: 0, y: 0, z: 0}
--- !u!1 &2119196085
GameObject:
  m_ObjectHideFlags: 0
  m_PrefabParentObject: {fileID: 159918, guid: bad0018eb9256e6409155981dd5af9a2, type: 2}
  m_PrefabInternal: {fileID: 1040477075}
  serializedVersion: 5
  m_Component:
  - component: {fileID: 2119196086}
  m_Layer: 0
  m_Name: B_R_Finger41
  m_TagString: Untagged
  m_Icon: {fileID: 0}
  m_NavMeshLayer: 0
  m_StaticEditorFlags: 0
  m_IsActive: 1
--- !u!4 &2119196086
Transform:
  m_ObjectHideFlags: 0
  m_PrefabParentObject: {fileID: 459918, guid: bad0018eb9256e6409155981dd5af9a2, type: 2}
  m_PrefabInternal: {fileID: 1040477075}
  m_GameObject: {fileID: 2119196085}
  m_LocalRotation: {x: -0.000000037203037, y: -0.00000008940951, z: -0.11640201, w: 0.9932022}
  m_LocalPosition: {x: -0.061422653, y: 0.000000114440915, z: 0.00000031948088}
  m_LocalScale: {x: 1.0000004, y: 1, z: 1.0000002}
  m_Children:
  - {fileID: 224545895}
  m_Father: {fileID: 30495836}
  m_RootOrder: 0
  m_LocalEulerAnglesHint: {x: 0, y: 0, z: 0}
--- !u!1 &2133944409
GameObject:
  m_ObjectHideFlags: 0
  m_PrefabParentObject: {fileID: 159898, guid: bad0018eb9256e6409155981dd5af9a2, type: 2}
  m_PrefabInternal: {fileID: 1040477075}
  serializedVersion: 5
  m_Component:
  - component: {fileID: 2133944410}
  m_Layer: 0
  m_Name: B_R_Finger02
  m_TagString: Untagged
  m_Icon: {fileID: 0}
  m_NavMeshLayer: 0
  m_StaticEditorFlags: 0
  m_IsActive: 1
--- !u!4 &2133944410
Transform:
  m_ObjectHideFlags: 0
  m_PrefabParentObject: {fileID: 459896, guid: bad0018eb9256e6409155981dd5af9a2, type: 2}
  m_PrefabInternal: {fileID: 1040477075}
  m_GameObject: {fileID: 2133944409}
  m_LocalRotation: {x: 0.000000033356088, y: -0.00000013143601, z: -0.116402015, w: 0.9932022}
  m_LocalPosition: {x: -0.061423108, y: 0.000000057220458, z: 0.0000002670288}
  m_LocalScale: {x: 1.0000004, y: 1.0000004, z: 1.0000001}
  m_Children: []
  m_Father: {fileID: 1597526039}
  m_RootOrder: 0
  m_LocalEulerAnglesHint: {x: 0, y: 0, z: 0}
