%YAML 1.1
%TAG !u! tag:unity3d.com,2011:
--- !u!1001 &100100000
Prefab:
  m_ObjectHideFlags: 1
  serializedVersion: 2
  m_Modification:
    m_TransformParent: {fileID: 0}
    m_Modifications: []
    m_RemovedComponents: []
  m_ParentPrefab: {fileID: 0}
  m_RootGameObject: {fileID: 1627773485785528}
  m_IsPrefabParent: 1
--- !u!1 &1002718719537166
GameObject:
  m_ObjectHideFlags: 1
  m_PrefabParentObject: {fileID: 0}
  m_PrefabInternal: {fileID: 100100000}
  serializedVersion: 5
  m_Component:
  - component: {fileID: 4766405570972832}
  m_Layer: 0
  m_Name: Lower_Arm_L
  m_TagString: Untagged
  m_Icon: {fileID: 0}
  m_NavMeshLayer: 0
  m_StaticEditorFlags: 0
  m_IsActive: 1
--- !u!1 &1073907468686140
GameObject:
  m_ObjectHideFlags: 1
  m_PrefabParentObject: {fileID: 0}
  m_PrefabInternal: {fileID: 100100000}
  serializedVersion: 5
  m_Component:
  - component: {fileID: 4420227319474196}
  m_Layer: 0
  m_Name: Spine
  m_TagString: Untagged
  m_Icon: {fileID: 0}
  m_NavMeshLayer: 0
  m_StaticEditorFlags: 0
  m_IsActive: 1
--- !u!1 &1153285035176164
GameObject:
  m_ObjectHideFlags: 1
  m_PrefabParentObject: {fileID: 0}
  m_PrefabInternal: {fileID: 100100000}
  serializedVersion: 5
  m_Component:
  - component: {fileID: 4913759697834466}
  m_Layer: 0
  m_Name: Upper_Arm_L
  m_TagString: Untagged
  m_Icon: {fileID: 0}
  m_NavMeshLayer: 0
  m_StaticEditorFlags: 0
  m_IsActive: 1
--- !u!1 &1186361038202186
GameObject:
  m_ObjectHideFlags: 0
  m_PrefabParentObject: {fileID: 0}
  m_PrefabInternal: {fileID: 100100000}
  serializedVersion: 5
  m_Component:
  - component: {fileID: 4364821496235192}
  m_Layer: 0
  m_Name: Hips
  m_TagString: Untagged
  m_Icon: {fileID: 0}
  m_NavMeshLayer: 0
  m_StaticEditorFlags: 0
  m_IsActive: 1
--- !u!1 &1198717416287430
GameObject:
  m_ObjectHideFlags: 1
  m_PrefabParentObject: {fileID: 0}
  m_PrefabInternal: {fileID: 100100000}
  serializedVersion: 5
  m_Component:
  - component: {fileID: 4520798348743528}
  m_Layer: 0
  m_Name: Upper_Leg_L
  m_TagString: Untagged
  m_Icon: {fileID: 0}
  m_NavMeshLayer: 0
  m_StaticEditorFlags: 0
  m_IsActive: 1
--- !u!1 &1216518087643238
GameObject:
  m_ObjectHideFlags: 1
  m_PrefabParentObject: {fileID: 0}
  m_PrefabInternal: {fileID: 100100000}
  serializedVersion: 5
  m_Component:
  - component: {fileID: 4798151744293462}
  m_Layer: 0
  m_Name: Foot_R
  m_TagString: Untagged
  m_Icon: {fileID: 0}
  m_NavMeshLayer: 0
  m_StaticEditorFlags: 0
  m_IsActive: 1
--- !u!1 &1276373942517600
GameObject:
  m_ObjectHideFlags: 1
  m_PrefabParentObject: {fileID: 0}
  m_PrefabInternal: {fileID: 100100000}
  serializedVersion: 5
  m_Component:
  - component: {fileID: 4081110719913696}
  m_Layer: 0
  m_Name: Foot_L
  m_TagString: Untagged
  m_Icon: {fileID: 0}
  m_NavMeshLayer: 0
  m_StaticEditorFlags: 0
  m_IsActive: 1
--- !u!1 &1277878210381764
GameObject:
  m_ObjectHideFlags: 0
  m_PrefabParentObject: {fileID: 0}
  m_PrefabInternal: {fileID: 100100000}
  serializedVersion: 5
  m_Component:
  - component: {fileID: 4393112976682948}
  m_Layer: 0
  m_Name: AttackPoint
  m_TagString: Untagged
  m_Icon: {fileID: 0}
  m_NavMeshLayer: 0
  m_StaticEditorFlags: 0
  m_IsActive: 1
--- !u!1 &1323905767191042
GameObject:
  m_ObjectHideFlags: 1
  m_PrefabParentObject: {fileID: 0}
  m_PrefabInternal: {fileID: 100100000}
  serializedVersion: 5
  m_Component:
  - component: {fileID: 4937067180366940}
  m_Layer: 0
  m_Name: Hand_R
  m_TagString: Untagged
  m_Icon: {fileID: 0}
  m_NavMeshLayer: 0
  m_StaticEditorFlags: 0
  m_IsActive: 1
--- !u!1 &1359911621230278
GameObject:
  m_ObjectHideFlags: 1
  m_PrefabParentObject: {fileID: 0}
  m_PrefabInternal: {fileID: 100100000}
  serializedVersion: 5
  m_Component:
  - component: {fileID: 4055979561822752}
  m_Layer: 0
  m_Name: Toes_R
  m_TagString: Untagged
  m_Icon: {fileID: 0}
  m_NavMeshLayer: 0
  m_StaticEditorFlags: 0
  m_IsActive: 1
--- !u!1 &1386695117683516
GameObject:
  m_ObjectHideFlags: 1
  m_PrefabParentObject: {fileID: 0}
  m_PrefabInternal: {fileID: 100100000}
  serializedVersion: 5
  m_Component:
  - component: {fileID: 4380901695084632}
  m_Layer: 0
  m_Name: Index_Proximal_L
  m_TagString: Untagged
  m_Icon: {fileID: 0}
  m_NavMeshLayer: 0
  m_StaticEditorFlags: 0
  m_IsActive: 1
--- !u!1 &1419739758522726
GameObject:
  m_ObjectHideFlags: 1
  m_PrefabParentObject: {fileID: 0}
  m_PrefabInternal: {fileID: 100100000}
  serializedVersion: 5
  m_Component:
  - component: {fileID: 4726359426942566}
  m_Layer: 0
  m_Name: Rower_Reg_R
  m_TagString: Untagged
  m_Icon: {fileID: 0}
  m_NavMeshLayer: 0
  m_StaticEditorFlags: 0
  m_IsActive: 1
--- !u!1 &1444396123725094
GameObject:
  m_ObjectHideFlags: 1
  m_PrefabParentObject: {fileID: 0}
  m_PrefabInternal: {fileID: 100100000}
  serializedVersion: 5
  m_Component:
  - component: {fileID: 4050257644781798}
  m_Layer: 0
  m_Name: Index_Proximal_R
  m_TagString: Untagged
  m_Icon: {fileID: 0}
  m_NavMeshLayer: 0
  m_StaticEditorFlags: 0
  m_IsActive: 1
--- !u!1 &1458932581954384
GameObject:
  m_ObjectHideFlags: 1
  m_PrefabParentObject: {fileID: 0}
  m_PrefabInternal: {fileID: 100100000}
  serializedVersion: 5
  m_Component:
  - component: {fileID: 4301500869050262}
  m_Layer: 0
  m_Name: Upper_Reg_R
  m_TagString: Untagged
  m_Icon: {fileID: 0}
  m_NavMeshLayer: 0
  m_StaticEditorFlags: 0
  m_IsActive: 1
--- !u!1 &1503726920518114
GameObject:
  m_ObjectHideFlags: 0
  m_PrefabParentObject: {fileID: 0}
  m_PrefabInternal: {fileID: 100100000}
  serializedVersion: 5
  m_Component:
  - component: {fileID: 4297562308039484}
  - component: {fileID: 137374897814216134}
  m_Layer: 0
  m_Name: LichMesh
  m_TagString: Untagged
  m_Icon: {fileID: 0}
  m_NavMeshLayer: 0
  m_StaticEditorFlags: 0
  m_IsActive: 1
--- !u!1 &1549818631230674
GameObject:
  m_ObjectHideFlags: 1
  m_PrefabParentObject: {fileID: 0}
  m_PrefabInternal: {fileID: 100100000}
  serializedVersion: 5
  m_Component:
  - component: {fileID: 4790402675788028}
  m_Layer: 0
  m_Name: Staff
  m_TagString: Untagged
  m_Icon: {fileID: 0}
  m_NavMeshLayer: 0
  m_StaticEditorFlags: 0
  m_IsActive: 1
--- !u!1 &1627773485785528
GameObject:
  m_ObjectHideFlags: 0
  m_PrefabParentObject: {fileID: 0}
  m_PrefabInternal: {fileID: 100100000}
  serializedVersion: 5
  m_Component:
  - component: {fileID: 4026513509112550}
  - component: {fileID: 95720122094651748}
  - component: {fileID: 54651319159073422}
  - component: {fileID: 65596076499856124}
  - component: {fileID: 114600634000334076}
  m_Layer: 0
  m_Name: NewMage
  m_TagString: Troops
  m_Icon: {fileID: 0}
  m_NavMeshLayer: 0
  m_StaticEditorFlags: 0
  m_IsActive: 1
--- !u!1 &1667750762182228
GameObject:
  m_ObjectHideFlags: 1
  m_PrefabParentObject: {fileID: 0}
  m_PrefabInternal: {fileID: 100100000}
  serializedVersion: 5
  m_Component:
  - component: {fileID: 4131259778901632}
  m_Layer: 0
  m_Name: Armor_R
  m_TagString: Untagged
  m_Icon: {fileID: 0}
  m_NavMeshLayer: 0
  m_StaticEditorFlags: 0
  m_IsActive: 1
--- !u!1 &1707089269249868
GameObject:
  m_ObjectHideFlags: 1
  m_PrefabParentObject: {fileID: 0}
  m_PrefabInternal: {fileID: 100100000}
  serializedVersion: 5
  m_Component:
  - component: {fileID: 4927937826958210}
  m_Layer: 0
  m_Name: Head
  m_TagString: Untagged
  m_Icon: {fileID: 0}
  m_NavMeshLayer: 0
  m_StaticEditorFlags: 0
  m_IsActive: 1
--- !u!1 &1723265205446416
GameObject:
  m_ObjectHideFlags: 1
  m_PrefabParentObject: {fileID: 0}
  m_PrefabInternal: {fileID: 100100000}
  serializedVersion: 5
  m_Component:
  - component: {fileID: 4532239752631362}
  m_Layer: 0
  m_Name: Upper_Arm_R
  m_TagString: Untagged
  m_Icon: {fileID: 0}
  m_NavMeshLayer: 0
  m_StaticEditorFlags: 0
  m_IsActive: 1
--- !u!1 &1755134182176090
GameObject:
  m_ObjectHideFlags: 1
  m_PrefabParentObject: {fileID: 0}
  m_PrefabInternal: {fileID: 100100000}
  serializedVersion: 5
  m_Component:
  - component: {fileID: 4378599614815254}
  m_Layer: 0
  m_Name: Lower_Leg_L
  m_TagString: Untagged
  m_Icon: {fileID: 0}
  m_NavMeshLayer: 0
  m_StaticEditorFlags: 0
  m_IsActive: 1
--- !u!1 &1763815706199648
GameObject:
  m_ObjectHideFlags: 1
  m_PrefabParentObject: {fileID: 0}
  m_PrefabInternal: {fileID: 100100000}
  serializedVersion: 5
  m_Component:
  - component: {fileID: 4249618296529882}
  m_Layer: 0
  m_Name: Hand_L
  m_TagString: Untagged
  m_Icon: {fileID: 0}
  m_NavMeshLayer: 0
  m_StaticEditorFlags: 0
  m_IsActive: 1
--- !u!1 &1847808956410476
GameObject:
  m_ObjectHideFlags: 1
  m_PrefabParentObject: {fileID: 0}
  m_PrefabInternal: {fileID: 100100000}
  serializedVersion: 5
  m_Component:
  - component: {fileID: 4836280719582356}
  m_Layer: 0
  m_Name: Toes_L
  m_TagString: Untagged
  m_Icon: {fileID: 0}
  m_NavMeshLayer: 0
  m_StaticEditorFlags: 0
  m_IsActive: 1
--- !u!1 &1894943918497116
GameObject:
  m_ObjectHideFlags: 1
  m_PrefabParentObject: {fileID: 0}
  m_PrefabInternal: {fileID: 100100000}
  serializedVersion: 5
  m_Component:
  - component: {fileID: 4458357826807850}
  m_Layer: 0
  m_Name: Rower_Arm_R
  m_TagString: Untagged
  m_Icon: {fileID: 0}
  m_NavMeshLayer: 0
  m_StaticEditorFlags: 0
  m_IsActive: 1
--- !u!1 &1990276954034418
GameObject:
  m_ObjectHideFlags: 1
  m_PrefabParentObject: {fileID: 0}
  m_PrefabInternal: {fileID: 100100000}
  serializedVersion: 5
  m_Component:
  - component: {fileID: 4479912395762108}
  m_Layer: 0
  m_Name: Armor_L
  m_TagString: Untagged
  m_Icon: {fileID: 0}
  m_NavMeshLayer: 0
  m_StaticEditorFlags: 0
  m_IsActive: 1
--- !u!4 &4026513509112550
Transform:
  m_ObjectHideFlags: 1
  m_PrefabParentObject: {fileID: 0}
  m_PrefabInternal: {fileID: 100100000}
  m_GameObject: {fileID: 1627773485785528}
  m_LocalRotation: {x: 0, y: 0, z: 0, w: 1}
  m_LocalPosition: {x: 0, y: 0, z: 0}
  m_LocalScale: {x: 2.5, y: 2.5, z: 2.5}
  m_Children:
  - {fileID: 4364821496235192}
  - {fileID: 4297562308039484}
  - {fileID: 4393112976682948}
  m_Father: {fileID: 0}
  m_RootOrder: 0
  m_LocalEulerAnglesHint: {x: 0, y: 0, z: 0}
--- !u!4 &4050257644781798
Transform:
  m_ObjectHideFlags: 1
  m_PrefabParentObject: {fileID: 0}
  m_PrefabInternal: {fileID: 100100000}
  m_GameObject: {fileID: 1444396123725094}
  m_LocalRotation: {x: 0.007203802, y: 4.4110564e-19, z: 0.9999741, w: -6.123075e-17}
  m_LocalPosition: {x: -20.03508, y: -8.526513e-14, z: 2.2343238e-14}
  m_LocalScale: {x: 1, y: 1, z: 1}
  m_Children: []
  m_Father: {fileID: 4937067180366940}
  m_RootOrder: 0
  m_LocalEulerAnglesHint: {x: -1.02225766e-16, y: 0.825502, z: -180}
--- !u!4 &4055979561822752
Transform:
  m_ObjectHideFlags: 1
  m_PrefabParentObject: {fileID: 0}
  m_PrefabInternal: {fileID: 100100000}
  m_GameObject: {fileID: 1359911621230278}
  m_LocalRotation: {x: 0.6967426, y: -0.0513212, z: 0.70637596, w: -0.11379374}
  m_LocalPosition: {x: -30.232294, y: -0.0000021886087, z: 0.0000029802316}
  m_LocalScale: {x: 1, y: 1, z: 1}
  m_Children: []
  m_Father: {fileID: 4798151744293462}
  m_RootOrder: 0
  m_LocalEulerAnglesHint: {x: 0, y: 0, z: 0}
--- !u!4 &4081110719913696
Transform:
  m_ObjectHideFlags: 1
  m_PrefabParentObject: {fileID: 0}
  m_PrefabInternal: {fileID: 100100000}
  m_GameObject: {fileID: 1276373942517600}
  m_LocalRotation: {x: -0.030333187, y: -0.13720782, z: -0.78350484, w: 0.60528845}
  m_LocalPosition: {x: -12.725134, y: 0.0000044703493, z: 0.00000372529}
  m_LocalScale: {x: 1, y: 1, z: 1}
  m_Children:
  - {fileID: 4836280719582356}
  m_Father: {fileID: 4378599614815254}
  m_RootOrder: 0
  m_LocalEulerAnglesHint: {x: 0, y: 0, z: 0}
--- !u!4 &4131259778901632
Transform:
  m_ObjectHideFlags: 1
  m_PrefabParentObject: {fileID: 0}
  m_PrefabInternal: {fileID: 100100000}
  m_GameObject: {fileID: 1667750762182228}
  m_LocalRotation: {x: 0.4660268, y: 0.5260634, z: -0.42706823, w: 0.5689368}
  m_LocalPosition: {x: -26.861208, y: -4.8427153, z: -58.25304}
  m_LocalScale: {x: 1, y: 1, z: 1}
  m_Children: []
  m_Father: {fileID: 4420227319474196}
  m_RootOrder: 1
  m_LocalEulerAnglesHint: {x: 81.38603, y: 17.921513, z: -66.86421}
--- !u!4 &4249618296529882
Transform:
  m_ObjectHideFlags: 1
  m_PrefabParentObject: {fileID: 0}
  m_PrefabInternal: {fileID: 100100000}
  m_GameObject: {fileID: 1763815706199648}
  m_LocalRotation: {x: -0.17973912, y: -0.30217156, z: 0.18926415, w: 0.91682357}
  m_LocalPosition: {x: -30.305155, y: 0.0000027590436, z: 0.0000009051289}
  m_LocalScale: {x: 1, y: 1, z: 1}
  m_Children:
  - {fileID: 4380901695084632}
  m_Father: {fileID: 4766405570972832}
  m_RootOrder: 0
  m_LocalEulerAnglesHint: {x: 0, y: 0, z: 0}
--- !u!4 &4297562308039484
Transform:
  m_ObjectHideFlags: 1
  m_PrefabParentObject: {fileID: 0}
  m_PrefabInternal: {fileID: 100100000}
  m_GameObject: {fileID: 1503726920518114}
  m_LocalRotation: {x: 0, y: -0, z: 0, w: 1}
  m_LocalPosition: {x: 0, y: 0, z: 0}
  m_LocalScale: {x: 0.01, y: 0.01, z: 0.01}
  m_Children: []
  m_Father: {fileID: 4026513509112550}
  m_RootOrder: 1
  m_LocalEulerAnglesHint: {x: 0, y: 0, z: 0}
--- !u!4 &4301500869050262
Transform:
  m_ObjectHideFlags: 1
  m_PrefabParentObject: {fileID: 0}
  m_PrefabInternal: {fileID: 100100000}
  m_GameObject: {fileID: 1458932581954384}
  m_LocalRotation: {x: -0.07930499, y: -0.068150856, z: 0.985552, w: 0.13324213}
  m_LocalPosition: {x: 9.580391, y: 2.1624882, z: 21.182098}
  m_LocalScale: {x: 1, y: 1, z: 1}
  m_Children:
  - {fileID: 4726359426942566}
  m_Father: {fileID: 4364821496235192}
  m_RootOrder: 3
  m_LocalEulerAnglesHint: {x: 0, y: 0, z: 0}
--- !u!4 &4364821496235192
Transform:
  m_ObjectHideFlags: 1
  m_PrefabParentObject: {fileID: 0}
  m_PrefabInternal: {fileID: 100100000}
  m_GameObject: {fileID: 1186361038202186}
  m_LocalRotation: {x: -0.43308935, y: 0.5589576, z: -0.43308944, w: 0.55895764}
  m_LocalPosition: {x: 0.00000011920929, y: 0.4345708, z: 0.019774675}
  m_LocalScale: {x: 0.01, y: 0.009999999, z: 0.01}
  m_Children:
  - {fileID: 4420227319474196}
  - {fileID: 4790402675788028}
  - {fileID: 4520798348743528}
  - {fileID: 4301500869050262}
  m_Father: {fileID: 4026513509112550}
  m_RootOrder: 0
  m_LocalEulerAnglesHint: {x: 0, y: 0, z: 0}
--- !u!4 &4378599614815254
Transform:
  m_ObjectHideFlags: 1
  m_PrefabParentObject: {fileID: 0}
  m_PrefabInternal: {fileID: 100100000}
  m_GameObject: {fileID: 1755134182176090}
  m_LocalRotation: {x: 0.035082314, y: 0.03939777, z: 0.15049422, w: 0.9872024}
  m_LocalPosition: {x: -16.481846, y: 0.00000447035, z: 0.0000040978193}
  m_LocalScale: {x: 1, y: 1, z: 1}
  m_Children:
  - {fileID: 4081110719913696}
  m_Father: {fileID: 4520798348743528}
  m_RootOrder: 0
  m_LocalEulerAnglesHint: {x: 0, y: 0, z: 0}
--- !u!4 &4380901695084632
Transform:
  m_ObjectHideFlags: 1
  m_PrefabParentObject: {fileID: 0}
  m_PrefabInternal: {fileID: 100100000}
  m_GameObject: {fileID: 1386695117683516}
  m_LocalRotation: {x: 0, y: -0.007203491, z: -0, w: 0.9999741}
  m_LocalPosition: {x: -20.035412, y: -8.526513e-14, z: -2.0067281e-14}
  m_LocalScale: {x: 1, y: 1, z: 1}
  m_Children: []
  m_Father: {fileID: 4249618296529882}
  m_RootOrder: 0
  m_LocalEulerAnglesHint: {x: 0, y: -0.8254663, z: 0}
--- !u!4 &4393112976682948
Transform:
  m_ObjectHideFlags: 1
  m_PrefabParentObject: {fileID: 0}
  m_PrefabInternal: {fileID: 100100000}
  m_GameObject: {fileID: 1277878210381764}
  m_LocalRotation: {x: -0, y: -0, z: -0, w: 1}
  m_LocalPosition: {x: -0.2, y: 1, z: 2}
  m_LocalScale: {x: 1, y: 1, z: 1}
  m_Children: []
  m_Father: {fileID: 4026513509112550}
  m_RootOrder: 2
  m_LocalEulerAnglesHint: {x: 0, y: 0, z: 0}
--- !u!4 &4420227319474196
Transform:
  m_ObjectHideFlags: 1
  m_PrefabParentObject: {fileID: 0}
  m_PrefabInternal: {fileID: 100100000}
  m_GameObject: {fileID: 1073907468686140}
  m_LocalRotation: {x: 0.9958246, y: -0.09128779, z: 0.000000010372848, w: 0.000000050079294}
  m_LocalPosition: {x: -25.582718, y: 0, z: 0.0000011175871}
  m_LocalScale: {x: 1, y: 1, z: 1}
  m_Children:
  - {fileID: 4479912395762108}
  - {fileID: 4131259778901632}
  - {fileID: 4927937826958210}
  - {fileID: 4913759697834466}
  - {fileID: 4532239752631362}
  m_Father: {fileID: 4364821496235192}
  m_RootOrder: 0
  m_LocalEulerAnglesHint: {x: 0, y: 0, z: 0}
--- !u!4 &4458357826807850
Transform:
  m_ObjectHideFlags: 1
  m_PrefabParentObject: {fileID: 0}
  m_PrefabInternal: {fileID: 100100000}
  m_GameObject: {fileID: 1894943918497116}
  m_LocalRotation: {x: 0.021751896, y: -0.80443096, z: 0.16855666, w: 0.5692155}
  m_LocalPosition: {x: -53.133595, y: -0.0000018626456, z: 0.0000014901163}
  m_LocalScale: {x: 1, y: 1, z: 1}
  m_Children:
  - {fileID: 4937067180366940}
  m_Father: {fileID: 4532239752631362}
  m_RootOrder: 0
  m_LocalEulerAnglesHint: {x: 0, y: 0, z: 0}
--- !u!4 &4479912395762108
Transform:
  m_ObjectHideFlags: 1
  m_PrefabParentObject: {fileID: 0}
  m_PrefabInternal: {fileID: 100100000}
  m_GameObject: {fileID: 1990276954034418}
  m_LocalRotation: {x: 0.5840295, y: -0.4544999, z: -0.5705536, w: -0.35610127}
  m_LocalPosition: {x: -24.040743, y: -4.678337, z: 63.996086}
  m_LocalScale: {x: 1, y: 1, z: 1}
  m_Children: []
  m_Father: {fileID: 4420227319474196}
  m_RootOrder: 0
  m_LocalEulerAnglesHint: {x: -71.02439, y: -101.87579, z: -176.97566}
--- !u!4 &4520798348743528
Transform:
  m_ObjectHideFlags: 1
  m_PrefabParentObject: {fileID: 0}
  m_PrefabInternal: {fileID: 100100000}
  m_GameObject: {fileID: 1198717416287430}
  m_LocalRotation: {x: 0.07929847, y: 0.06821876, z: 0.98554814, w: 0.13323964}
  m_LocalPosition: {x: 9.580405, y: 2.1624854, z: -21.182055}
  m_LocalScale: {x: 1, y: 1, z: 1}
  m_Children:
  - {fileID: 4378599614815254}
  m_Father: {fileID: 4364821496235192}
  m_RootOrder: 2
  m_LocalEulerAnglesHint: {x: 0, y: 0, z: 0}
--- !u!4 &4532239752631362
Transform:
  m_ObjectHideFlags: 1
  m_PrefabParentObject: {fileID: 0}
  m_PrefabInternal: {fileID: 100100000}
  m_GameObject: {fileID: 1723265205446416}
  m_LocalRotation: {x: -0.45982644, y: 0.64946574, z: -0.4918132, w: -0.3533747}
  m_LocalPosition: {x: -14.02748, y: -3.4342449, z: -28.749102}
  m_LocalScale: {x: 1, y: 1, z: 1}
  m_Children:
  - {fileID: 4458357826807850}
  m_Father: {fileID: 4420227319474196}
  m_RootOrder: 4
  m_LocalEulerAnglesHint: {x: 0, y: 0, z: 0}
--- !u!4 &4726359426942566
Transform:
  m_ObjectHideFlags: 1
  m_PrefabParentObject: {fileID: 0}
  m_PrefabInternal: {fileID: 100100000}
  m_GameObject: {fileID: 1419739758522726}
  m_LocalRotation: {x: -0.035086192, y: -0.039416254, z: 0.15048826, w: 0.98720247}
  m_LocalPosition: {x: -16.481852, y: 0.0000029802336, z: 0.00000204891}
  m_LocalScale: {x: 1, y: 1, z: 1}
  m_Children:
  - {fileID: 4798151744293462}
  m_Father: {fileID: 4301500869050262}
  m_RootOrder: 0
  m_LocalEulerAnglesHint: {x: 0, y: 0, z: 0}
--- !u!4 &4766405570972832
Transform:
  m_ObjectHideFlags: 1
  m_PrefabParentObject: {fileID: 0}
  m_PrefabInternal: {fileID: 100100000}
  m_GameObject: {fileID: 1002718719537166}
  m_LocalRotation: {x: -0.37369642, y: 0.430117, z: 0.049869753, w: 0.8202826}
  m_LocalPosition: {x: -53.13355, y: 0.0000012107193, z: 0.00000086583896}
  m_LocalScale: {x: 1, y: 1, z: 1}
  m_Children:
  - {fileID: 4249618296529882}
  m_Father: {fileID: 4913759697834466}
  m_RootOrder: 0
  m_LocalEulerAnglesHint: {x: 0, y: 0, z: 0}
--- !u!4 &4790402675788028
Transform:
  m_ObjectHideFlags: 1
  m_PrefabParentObject: {fileID: 0}
  m_PrefabInternal: {fileID: 100100000}
  m_GameObject: {fileID: 1549818631230674}
  m_LocalRotation: {x: -0.04316304, y: -0.03943156, z: 0.67879367, w: 0.7319982}
  m_LocalPosition: {x: -50.983036, y: -54.37775, z: -77.06237}
  m_LocalScale: {x: 1, y: 1, z: 1}
  m_Children: []
  m_Father: {fileID: 4364821496235192}
  m_RootOrder: 1
  m_LocalEulerAnglesHint: {x: 27.566069, y: 77.092064, z: -163.38132}
--- !u!4 &4798151744293462
Transform:
  m_ObjectHideFlags: 1
  m_PrefabParentObject: {fileID: 0}
  m_PrefabInternal: {fileID: 100100000}
  m_GameObject: {fileID: 1216518087643238}
  m_LocalRotation: {x: 0.030190218, y: 0.13729154, z: -0.7834889, w: 0.6052972}
  m_LocalPosition: {x: -12.72513, y: 0.0000007450586, z: 0.000003352762}
  m_LocalScale: {x: 1, y: 1, z: 1}
  m_Children:
  - {fileID: 4055979561822752}
  m_Father: {fileID: 4726359426942566}
  m_RootOrder: 0
  m_LocalEulerAnglesHint: {x: 0, y: 0, z: 0}
--- !u!4 &4836280719582356
Transform:
  m_ObjectHideFlags: 1
  m_PrefabParentObject: {fileID: 0}
  m_PrefabInternal: {fileID: 100100000}
  m_GameObject: {fileID: 1847808956410476}
  m_LocalRotation: {x: -0.05121681, y: -0.6967603, z: 0.11369072, w: 0.7063827}
  m_LocalPosition: {x: -30.232265, y: 0.00000325963, z: 0}
  m_LocalScale: {x: 1, y: 1, z: 1}
  m_Children: []
  m_Father: {fileID: 4081110719913696}
  m_RootOrder: 0
  m_LocalEulerAnglesHint: {x: 0, y: 0, z: 0}
--- !u!4 &4913759697834466
Transform:
  m_ObjectHideFlags: 1
  m_PrefabParentObject: {fileID: 0}
  m_PrefabInternal: {fileID: 100100000}
  m_GameObject: {fileID: 1153285035176164}
  m_LocalRotation: {x: -0.63565505, y: 0.54256946, z: 0.54180145, w: 0.08951093}
  m_LocalPosition: {x: -14.02746, y: -3.4342434, z: 28.74915}
  m_LocalScale: {x: 1, y: 1, z: 1}
  m_Children:
  - {fileID: 4766405570972832}
  m_Father: {fileID: 4420227319474196}
  m_RootOrder: 3
  m_LocalEulerAnglesHint: {x: 0, y: 0, z: 0}
--- !u!4 &4927937826958210
Transform:
  m_ObjectHideFlags: 1
  m_PrefabParentObject: {fileID: 0}
  m_PrefabInternal: {fileID: 100100000}
  m_GameObject: {fileID: 1707089269249868}
  m_LocalRotation: {x: -0.49505, y: 0.50490147, z: 0.49505007, w: 0.5049014}
  m_LocalPosition: {x: -62.96563, y: -0.0000059604663, z: -0.0000020489097}
  m_LocalScale: {x: 1, y: 1, z: 1}
  m_Children: []
  m_Father: {fileID: 4420227319474196}
  m_RootOrder: 2
  m_LocalEulerAnglesHint: {x: 0, y: 0, z: 0}
--- !u!4 &4937067180366940
Transform:
  m_ObjectHideFlags: 1
  m_PrefabParentObject: {fileID: 0}
  m_PrefabInternal: {fileID: 100100000}
  m_GameObject: {fileID: 1323905767191042}
  m_LocalRotation: {x: 0.04936783, y: 0.30538929, z: -0.08768571, w: 0.9468957}
  m_LocalPosition: {x: -30.305407, y: 0.0000010244552, z: 0}
  m_LocalScale: {x: 1, y: 1, z: 1}
  m_Children:
  - {fileID: 4050257644781798}
  m_Father: {fileID: 4458357826807850}
  m_RootOrder: 0
  m_LocalEulerAnglesHint: {x: 0, y: 0, z: 0}
--- !u!54 &54651319159073422
Rigidbody:
  m_ObjectHideFlags: 1
  m_PrefabParentObject: {fileID: 0}
  m_PrefabInternal: {fileID: 100100000}
  m_GameObject: {fileID: 1627773485785528}
  serializedVersion: 2
  m_Mass: 1
  m_Drag: 0
  m_AngularDrag: 0.05
  m_UseGravity: 0
  m_IsKinematic: 0
  m_Interpolate: 0
  m_Constraints: 116
  m_CollisionDetection: 0
--- !u!65 &65596076499856124
BoxCollider:
  m_ObjectHideFlags: 1
  m_PrefabParentObject: {fileID: 0}
  m_PrefabInternal: {fileID: 100100000}
  m_GameObject: {fileID: 1627773485785528}
  m_Material: {fileID: 0}
  m_IsTrigger: 0
  m_Enabled: 1
  serializedVersion: 2
  m_Size: {x: 1, y: 2, z: 1}
  m_Center: {x: 0, y: 1, z: 0}
--- !u!95 &95720122094651748
Animator:
  serializedVersion: 3
  m_ObjectHideFlags: 1
  m_PrefabParentObject: {fileID: 0}
  m_PrefabInternal: {fileID: 100100000}
  m_GameObject: {fileID: 1627773485785528}
  m_Enabled: 1
  m_Avatar: {fileID: 9000000, guid: 3dc717adf98c7b043a3e77ed0130d470, type: 3}
  m_Controller: {fileID: 9100000, guid: 0a15c11dbbde189499421a0ca9e248fa, type: 2}
  m_CullingMode: 1
  m_UpdateMode: 0
  m_ApplyRootMotion: 0
  m_LinearVelocityBlending: 0
  m_WarningMessage: 
  m_HasTransformHierarchy: 1
  m_AllowConstantClipSamplingOptimization: 1
  m_KeepAnimatorControllerStateOnDisable: 0
--- !u!114 &114600634000334076
MonoBehaviour:
  m_ObjectHideFlags: 1
  m_PrefabParentObject: {fileID: 0}
  m_PrefabInternal: {fileID: 100100000}
  m_GameObject: {fileID: 1627773485785528}
  m_Enabled: 1
  m_EditorHideFlags: 0
  m_Script: {fileID: 11500000, guid: f9f2552db4eac2b41a718468a2e65a51, type: 3}
  m_Name: 
  m_EditorClassIdentifier: 
  totalMoveSpeed: 3.5
  atkRange: 20
  hp: 80
  prefabAngleRotator: 270
  isFlyingUnit: 0
  throwObject: {fileID: 1791637394536594, guid: 800dde04a07c5444ca119676842a4dc7,
    type: 2}
  throwingPoint: {fileID: 4393112976682948}
  thrust: 20
  hitIndicator:
  - {fileID: 137374897814216134}
  target: {fileID: 0}
  moveSpeed: {x: 0, y: 0, z: 0}
  startingAttackPos: {x: 0, y: 0, z: 0}
  timerDead: 0
  dirVector: {x: 0, y: 0, z: 0}
  xMatched: 0
  zMatched: 0
--- !u!137 &137374897814216134
SkinnedMeshRenderer:
  m_ObjectHideFlags: 1
  m_PrefabParentObject: {fileID: 0}
  m_PrefabInternal: {fileID: 100100000}
  m_GameObject: {fileID: 1503726920518114}
  m_Enabled: 1
  m_CastShadows: 1
  m_ReceiveShadows: 0
  m_DynamicOccludee: 1
  m_MotionVectors: 1
  m_LightProbeUsage: 0
  m_ReflectionProbeUsage: 1
  m_RenderingLayerMask: 4294967295
  m_Materials:
  - {fileID: 2100000, guid: 62b1b109ebfd33d4ab81c69ff22c6813, type: 2}
  m_StaticBatchInfo:
    firstSubMesh: 0
    subMeshCount: 0
  m_StaticBatchRoot: {fileID: 0}
  m_ProbeAnchor: {fileID: 0}
  m_LightProbeVolumeOverride: {fileID: 0}
  m_ScaleInLightmap: 1
  m_PreserveUVs: 0
  m_IgnoreNormalsForChartDetection: 0
  m_ImportantGI: 0
  m_StitchLightmapSeams: 0
  m_SelectedEditorRenderState: 3
  m_MinimumChartSize: 4
  m_AutoUVMaxDistance: 0.5
  m_AutoUVMaxAngle: 89
  m_LightmapParameters: {fileID: 0}
  m_SortingLayerID: 0
  m_SortingLayer: 0
  m_SortingOrder: 0
  serializedVersion: 2
  m_Quality: 0
  m_UpdateWhenOffscreen: 0
  m_SkinnedMotionVectors: 1
  m_Mesh: {fileID: 4300000, guid: 3dc717adf98c7b043a3e77ed0130d470, type: 3}
  m_Bones:
  - {fileID: 4364821496235192}
  - {fileID: 4420227319474196}
  - {fileID: 4927937826958210}
  - {fileID: 4913759697834466}
  - {fileID: 4766405570972832}
  - {fileID: 4249618296529882}
  - {fileID: 4380901695084632}
  - {fileID: 4532239752631362}
  - {fileID: 4458357826807850}
  - {fileID: 4937067180366940}
  - {fileID: 4050257644781798}
  - {fileID: 4479912395762108}
  - {fileID: 4131259778901632}
  - {fileID: 4520798348743528}
  - {fileID: 4378599614815254}
  - {fileID: 4081110719913696}
  - {fileID: 4836280719582356}
  - {fileID: 4790402675788028}
  - {fileID: 4301500869050262}
  - {fileID: 4726359426942566}
  - {fileID: 4798151744293462}
  - {fileID: 4055979561822752}
  m_BlendShapeWeights: []
  m_RootBone: {fileID: 4364821496235192}
  m_AABB:
    m_Center: {x: -94.448425, y: -11.778332, z: -2.2719574}
    m_Extent: {x: 168.41486, y: 97.625046, z: 113.145996}
  m_DirtyAABB: 0
